4267 5462
264 351 825 113 Ainsi quon le uoit a loeil

264 433 1022 125 Que tous alerent a lassemblee

260 537 1257 130 Pour faire a tous urays amans dueil

257 676 1057 155 Lung de ces petis dangereaulx

257 791 959 116 Auoit ung dart tout enfume

260 879 1126 122 Et lautre auoit grans paleteaulx

267 961 1019 113 Dung uieil iaseran desmaillie

260 1049 941 125 Ung uieil baccinet enrouille

264 1156 1192 112 Portoient aucuns pour tout potaige

260 1219 1057 116 Ung autre estoit tout despoullie

257 1310 1099 149 Pour mieulx courir a lauantaige

257 1441 1038 167 Plusieurs nauoient qune espee

264 1596 904 94 Encores estoit elle rompue

260 1678 917 106 Aucuns lauoient espointee

260 1750 966 116 Et autres au millieu fendue

254 1851 1005 109 Le plus la portoient toute nue

254 1935 899 107 Par default de couuerture

260 2023 1060 101 Oncques mais plus fiere uenue

257 2099 932 131 De telz gens ne uit creature

248 2230 1002 161 Lung portoit une demie lance

251 2379 1114 100 Lautre ung escu/ lautre une targe

251 2451 1047 113 Les autres selon leur puissance

257 2548 1139 110 Auoient haches pour toute charge

251 2621 959 106 Autres auoient ung fer large

260 2706 929 112 En ung baston despitement

257 2803 1120 107 Et aucuns se couuroient de sarge

248 2882 899 137 Bendee de fer lourdement

254 3034 826 140 Ce sembloit une passion

248 3137 1047 131 Painte qua uoir ceste merdaille

248 3243 962 91 Qui ne deuoient compassion

245 3313 1029 121 Auoir de nulle gent sans faille

251 3401 890 106 Et partie de ceste frapaille

245 3489 1151 121 Ung hideux mail de plomb portoit

245 3589 975 116 Guysarmes destoc et de taille

251 3668 832 128 Lautre partie rapportoit

245 3802 1041 142 Brief: cestoit une grant hideur

254 3926 1038 121 De leurs crueulx habillemens

248 4014 911 118 Aussi auoient ilz a seigneur

251 4099 905 106 Le pire de tous garnemens

254 4199 1014 109 Et telz estoient le sacquemens

251 4290 941 88 Que le tirant qui les menoit

251 4372 1069 118 Car selon le maistre en ce temps

245 4457 832 134 La mesgnee se demenoit

260 4606 893 188 Ialousie et ses ialouseaux

1842 355 956 100 Reuenoient a la compaignie

1845 446 1129 121 Mensonge et ses mensongereaux

1848 521 743 116 Et trahison et flaterie

1848 609 819 110 Et souspecon de boemie

1842 700 992 101 Reuenoient a mainte baniere

1842 795 1041 109 Au mandement de faulse enuie

1851 886 950 121 Chascun arme a sa maniere

1848 1028 1001 134 En apres: oultrageux mesdit

1851 1137 1062 113 Souldain parler langue uolage

1845 1231 1098 116 Langue sans frain/ hideux despit

1851 1326 959 91 Fort a recointer le sauluaige

1839 1404 1089 116 Mauluais mensongier langaige

1851 1495 804 104 Confit en pure ypocrisie

1848 1574 1283 128 Soubz umbre dung preudomme ⁊ saige

1851 1659 1007 134 Infait dung fort uenin denuie

1842 1811 907 124 Reuenoient de toutes pars

1845 1914 913 103 Armes de mauluais rapors

1848 1993 986 131 De crueulx ⁊ uenimeux dars

1848 2087 1095 109 Dont chascun pouoit mille mors

1845 2187 1232 119 Donner aux bons pour leurs rapors

1848 2260 1029 131 De mensonge trop oultrageux

1845 2348 980 115 Par la puissance de leurs sors

1842 2442 983 134 Qui estoient tresdommageux

1845 2585 780 146 Ceste derreniere legion

1845 2691 950 118 Dont iay icy partie nommee

1848 2797 710 113 Estoient dune region

1842 2876 928 122 Dung pays et dune contree

1836 2964 919 118 Qui uenoient a lassemblee

1845 3043 1062 127 Faintement comme les derniers

1842 3146 928 112 Pour presenter a la damnee

1845 3234 1071 122 Enuie: grans tas de prisonniers

1848 3377 822 149 Et pour faire conclusion

1845 3480 801 118 De ceste furieuse armee

1842 3583 783 103 Hayne/ discort/ diuision

1845 3659 998 118 Douleur de bonne renommee

1842 3756 898 106 Sedicion: mort pourpensee

1848 3841 1287 131 Et mains autres dont dieu nous garde

1842 3914 1035 136 A grant nombre de gens desiree

1842 4002 889 152 Refaisoient larriere garde

1851 4166 758 136 Et toute ceste tirannie

1839 4272 953 112 Uint a enuie faire hommage

1842 4354 940 118 Qui estoit assez hault iuchie

1851 4445 834 118 En une chaere sauuaige

1845 4536 1019 164 Et sans faulte elle faisoit rage
