4267 5579
970 446 1005 133 Des desirs des amans acquis

970 601 1160 139 Les harpes haultement sonnoient

973 703 1036 109 Orgues clerement resonnoient

973 796 785 109 Dune gracieuse uenue

976 889 1200 99 Ces clerons moult cler cleronnoient

970 963 1206 124 Tous instrumens la se trouuoyent

970 1047 806 109 A ceste ioyeuse aduenue

967 1128 986 127 La toute doulceur respandue

967 1222 884 112 Estoit: et si tresbien receue

964 1311 1225 117 Quoncques en nul lieu ne fut mieulx

967 1404 937 99 Dont la uieille enuie bossue

967 1478 995 118 Craffleuse/ rifleuse et barbue

963 1566 1084 126 Estoit tormentee en mains lieux

955 1738 902 112 La estoit honneur desarme

961 1828 1008 112 Garde bien et songneusement

963 1915 1014 116 De crainte quil ne fust blasme

963 2003 991 117 De faulx enuieux parlement

972 2082 903 126 Uestu tant bel et richement

949 2175 972 121 Quomme iamais ne le diroit

963 2259 902 126 Et monte si tresnoblement

952 2349 1200 139 Que mieulx trouuer on ne pourroit

944 2519 1131 121 La mains amans entroublioyent

944 2608 1010 130 Les grans perilz ou ilz estoient

949 2701 1182 111 Tant se y trouuoyent plaisamment

949 2784 1037 107 Et deuers amours regardoient

958 2870 1026 136 Et tant de plaisirs y prenoient

2533 446 1067 118 Quilz ne leur chaloit nullement

2545 530 869 117 Et de regarder seulement

2539 626 1002 111 Leur dieu bien ententiuement

2536 712 887 115 Pour acquerir ioye et liesse

2539 799 1024 121 Dont le regard tant seulement

2533 889 946 109 Les nourrissoit ioyeusement

2536 976 872 124 Et les banissoit de tristesse

2536 1134 841 124 Et dangie qui les aduisa

2536 1230 1104 115 Tantost dung grant mal sapenca

2536 1326 1036 109 Ainsi que uous morrez compter

2542 1400 766 109 Inconeinent il appella

2533 1487 819 124 Ses aliez qui estoient la

2536 1571 1073 133 Comme mesdit soubdain parler

2533 1682 847 93 Trahison fort a racointer

2539 1748 1079 133 Et mensonge quon doit blasmer

2986 1921 338 130 Dangier

2533 2076 924 130 Et leur dit: or ca ces amans

2530 2197 1076 99 Qui ne font quamours regarder

2521 2284 1113 105 Hastons nous de les tous naurer

2524 2374 1141 117 Car nous auons sur eulx le temps

2955 2526 390 136 ¶ Lacteur

2747 2699 1144 133 ¶ Icy appert cõment les dessusditz

2803 2811 1073 121 se combatent et guerroient lung

2818 2897 270 90 lautre.
