4267 5617
992 2377 225 370 E

1229 2384 1240 121 T bon aduis qui sceut par sa prudẽce

1226 2477 1236 125 Tous les secretz de uraye nigromẽce

1236 2552 1220 122 Soubdainemẽt noꝰ fist par sa science

1220 2643 1236 137 Deux pauillons tẽdre bien gentemẽt

983 2714 1264 135 Par ieunes gens de ioyeuse semblance

983 2817 967 119 Habituez a laguise de france

980 2889 1292 150 De france nez par leur recongnoissance

986 2983 1174 128 Dont esbay feu merueilleusement

980 3083 1467 128 Ces gẽs francois seruoiẽt tant promptemẽt

980 3167 1254 125 Et drecoient litz tant bien ⁊ propremẽt

970 3248 1140 122 Que ce mestoit grant esbaissement

970 3323 1467 147 Tãt qua peu pres ce me sembloit ung songe

989 3420 1392 131 Et hault uouloir soubzrioit faintement

967 3504 1264 125 Disant/ cecy nest que commencement

973 3604 1280 118 Nous uerron bien ains le departement

967 3688 1302 140 Se bon aduis nous sert cy de menconge

970 3828 1049 150 Et par ce que hault uouloir dit

980 3938 1064 131 Ieuz assez du fait congnoissance

970 4044 990 106 Et que bon aduis pour acquit

964 4119 961 124 Auoit ce fait par nigromance

967 4212 1090 125 Pour nous oster de desplaisance

970 4303 877 121 Et noz couraiges rapaiser

964 4378 862 118 De nostre amere doleauce

970 4471 1049 153 Et noz cheuaulx ung peu aiser

2565 2399 946 116 Et sus dieu et ma conscience

2562 2499 1052 109 Nous fusmes seruis gentement

2568 2577 678 109 Et assez a suffisance

2562 2661 971 110 De uiures plantureusement

2562 2752 977 118 Et ie uous iure mon serment

2565 2842 946 103 Que iauoye si tresgrant ioye

2559 2936 1008 103 Que ie moublioye plainement

2562 3020 971 147 Et ne scauoie desquelz iestoie

2774 3357 1243 122 ¶ Comment lamant et lacteur sont

2753 3448 1267 118 assis a table es tentes et pauillons ser

2746 3548 1271 118 uis et entretenus des dames la ou ilz

2746 3622 1268 132 souppent et puis uient une morisque

2749 3710 1265 125 et dance pour les plus resiouyr. Et a

2753 3797 1264 122 pres uient ung messagier nõme segret

2762 3894 1249 131 pencer qui leur apportera ⁊ presentera

2762 3975 368 128 des lettres

2899 4306 768 140 ¶ La morisque
