4267 5596
946 2308 308 401 P

1256 2344 855 102 Res de nous en une ualee

1265 2505 921 115 Se fist la hydeuse assemblee

1259 2415 995 112 Toute plaine: assez large ⁊ lee

1272 2595 985 147 De la mauldicte gent damnee

961 2679 858 122 Denuie la uieille enragee

951 2776 977 102 Uauldoise enfumee/ forcenee

954 2857 862 111 Qui estoit plus desfiguree

951 2941 1048 118 Plus laide: plus encharbonnee

951 3031 986 115 Quonc on ne paignist lucifer

951 3115 980 115 Touteffoys elle cestoit fardee

957 3208 933 102 De quelque suif a cheminee

957 3307 958 106 Aincoys quelle partist denfer

957 3453 993 119 Cestuy mauluais et enuieux

964 3562 936 97 Esprit qui se nomme enuie

961 3646 985 100 Auoit a lentour de luy deux

957 3736 831 109 Faulx espris de sa lignee

976 3817 883 106 Diuision ny failloit mye

957 3895 943 131 De luy obeir comme a chief

964 3998 793 96 Et trahison et menterie

964 4069 1020 152 De suiure refaisoient meschief

957 4249 834 106 Apres ceste belle m[e]sgnie

961 4343 873 108 Reuenoit dangier le uilain

957 4417 943 112 Qui faisoit chiere refroignee

964 4517 880 102 Ainsi que sil morust de fain

967 4607 942 115 Ce uillain tenoit en sa main

2525 2337 883 106 Une grande uieille massue

2528 2421 1020 115 Comme lieutenant souuerain

2531 2515 834 124 Denuie la uieille barbue

2528 2661 1020 146 Ce uilain dangier reffroingne

2534 2770 765 115 Estoit lait et deffigure

2531 2872 1182 103 Et comme ung port mal engrongne

2528 2953 858 106 Contreffait: bossu ⁊ hure

2528 3031 793 105 Et hideusement escure

2525 3118 1042 124 Pis que ung galopin de cuisine

2528 3205 908 121 Nulle foys en ce point pare

2525 3286 1057 130 Fut dangier a la longue eschine

2522 3447 1094 140 Ung grant uieil iacque sale et ort

2522 3550 740 109 Auoit ce uilain endoce

2522 3649 1091 115 Pour cuyder trancher du mullort

2528 3746 942 90 En son patois plain de fierte

2519 3820 880 106 Puis auoit par nouuellete

2525 3901 877 115 Sa grosse teste entouaillee

2528 4004 809 96 Dune touaille en uerite

2516 4069 914 128 Plus noire qune crameillee

2525 4249 939 118 Et cent mille petis dangiers

2516 4336 880 109 Le suiuoyent testes leuees

2519 4439 1181 99 Qui sembloyent droiz charbonniers

2522 4529 1119 115 Tant auoient leur chair tainturee

2525 4591 780 153 Et noircie et deffiguree
