4267 5462
250 418 255 337 N

500 327 1034 196 Oz deux pauillons sen allerent

510 468 1038 132 Tout ainsi quilz estoient uenus

510 550 1202 178 Car ceulx qui les nous apporterent

519 659 865 110 Au rapporter furent tenus

230 740 1175 115 Bon aduis scauoit mieulx que nulz

224 828 974 112 Qui fussent en la compaignie

224 910 844 121 Que ilz estoient deuenus

224 1001 932 118 Car ce estoit par sa maistrie

227 1171 1105 112 Et sans en faire longue enqueste

224 1256 1190 115 Nous nous mismes songneusement

224 1347 1032 115 En la nostre amoureuse queste

218 1444 1129 100 Tous dung commun assentement

218 1526 1008 115 Moitie par le commandement

224 1611 874 100 De la gracieuse esperance

218 1693 1068 112 Et moitie par ung mandement

215 1775 965 139 De desir ardant en plaisance

209 1935 1071 134 Et ainsi nous nous en alasmes

209 2042 865 106 Par my ce pays tenebreux

212 2115 1102 133 Et bien longuement deuisasmes

212 2218 941 106 Des armeures auantureux

212 2309 1026 103 Des amans et des oultrageux

209 2391 1074 121 Faitz de dangier le saulx uillain

209 2476 1056 124 Et des langaiges dommageux

209 2558 1086 139 De mauldicte langue sans frain

209 2712 1061 150 Tandiz que les autres parloient

212 2822 992 115 De maintes choses ie pensoye

212 2903 1144 113 Aux tenebres qui nous couuroient

209 2998 1071 121 Dont gramment ie mesbaissoye

209 3095 886 106 Ainsi en pensant remiroye

206 3164 1278 131 Les maulx quont les urais amoureux

212 3252 901 119 Et me semble que ie disoye

209 3359 1038 124 Quilz estoient trop douloureux

215 3492 795 128 Ceste pensee dura tant

209 3592 1156 119 Que nous uinsmes pres dune tour

218 3689 953 122 Sur une haulte roche estant

215 3786 1026 113 En lieu gastz et hideux destour

215 3862 1026 122 Cloux despines tout a lentour

215 3941 1093 146 De ronces et darbres poingnans

218 4044 847 107 Et la estoit le droit seiour

221 4111 1144 176 Daucuns desloyaulx sacquemens

215 4272 1290 146 En aprouchant de ce lieu tant estrange

218 4378 1405 149 Nous ouysmes ung moult douloureux cry

218 4478 1181 107 Entrerompu de soupirs/ de reuenge

215 4563 1366 110 Plungie en pleurs couuers comme a demy

215 4642 1290 207 Gettant sangloux pour trais de hay ny

1796 406 1126 103 Par la rigueur de dame extorcion

1796 485 1181 115 Mort/ uien amoy ie languis trop icy

1793 579 986 112 Ainsi prenoit ce cry conclusion

1796 740 1305 130 Nous cinq par long temps escoutasmes

1799 837 986 103 Et pour tout oyr arrestasmes

1799 907 768 121 Se le cry sen efforceroit

1793 1004 1281 115 Plusieurs uieulx sentiers reuersasmes

1790 1098 1226 109 Tant quen fin le chemin trouuasmes

1793 1171 829 112 Qui alloit ou le cry estoit

1796 1250 971 115 Et cestoit ung chemin estroit

1793 1338 1114 139 Ung pas dangereux/ ung destroit

1799 1432 531 103 De forte entree

1799 1511 974 130 Ou dangier ses tirans tenoit

1793 1608 1029 112 Pour tormenter cil quil queroit

1799 1687 440 130 Ioye desiree

1787 1847 1087 137 Tantost que nous fusmez entres

1793 1951 895 121 En ce fier chemin espineux

1787 2036 938 118 Assailliez fusmes a deux les

1793 2133 1065 112 Des mauldis uaudois enuieux

1787 2215 914 112 Qui ainsi que tous furieux

1790 2303 1062 115 Gettoient grossez pierres de fais

1787 2397 1229 100 Pour nous dommaiger en tous lieux

1787 2479 1263 157 Ou pour nous supprendre aux abbais

1790 2609 1068 167 Ilz gettoient a dextre et senestre

1790 2746 1002 106 Sur nous tous si menuement

1784 2906 1068 122 A nous qui nauions nullement

1781 2991 1135 137 Pouoir deulx faire encombrement

1781 3079 935 110 Pour la dure roche entaillee

1778 3161 1102 143 Qui ne nous souffroit nullement

1784 3265 926 124 Auoir ces gens en no baillee

1778 3416 844 131 Car ilz estoient au dessus

1784 3522 965 119 Et nous estions en la uallee

1781 3604 980 131 Et maintenoient leurs argus

1781 3692 1044 131 Sur nous comme gent forcenee

1781 3786 1077 119 Et nous courions de randonnee

1775 3862 1162 143 Tant que cheuaulx pouoient aller

1778 3947 886 125 A resne tout habandonnee

1775 4035 935 140 Pour leurs malices eschiuer

1778 4190 1026 167 En ce lieu destroit fusmes tous

1784 4308 810 101 Naures malicieusement

1781 4378 1132 140 Par grosses pierres dourbes coups

1781 4466 1165 143 Qui tomboient sur nous fierement

1781 4554 1053 128 Mais tant feismes finablement

1781 4642 1196 182 Que nous uinsmes iusqua la plaine
