4267 5596
936 435 746 109 Ainsi que ie tay icy dit

942 516 942 130 Pour donner par experience

939 603 1132 127 Aux autres pareilz congnoissance

942 687 955 149 Que ta fureur est sans respit

979 2751 261 401 E

1259 2718 825 163 Nuie/ tu as icy plusieurs

1249 2807 1082 140 Grans et enormes malfaicteurs

1249 2914 984 140 Dignes chascun de mille mors

1245 2989 1161 135 Comme de tout honneur gasteurs

979 3099 927 121 Garuiz de uicieuses meurs

979 3189 930 125 Tes ennemis et les pluffors

976 3276 995 128 Que ie sache sans faulte/ fors

976 3360 1082 115 Uraye amour qui tous ses effors

979 3444 1104 131 Mect chascun iour a toy destruire

982 3553 955 99 Pour abatre noyses/ discors

985 3640 930 109 Diuisions et faulx rappors

985 3715 996 133 Et chascun en amour induire

982 3867 986 134 Ces truans quon ta presente

982 3976 1008 112 Ont damours grant auctorite

985 4060 949 133 Comme ses liges seruiteurs

985 4165 741 94 Esperance/ ioyeusete

985 4231 877 121 Doulx acueil/ gracieusete

982 4330 999 115 Les retiennẽt aussi pour leurs

988 4411 1217 115 Et pour leur doubler leurs douleurs

985 4495 1042 131 Et mieulx user de tes rigueurs

982 4588 915 106 Abandonne les a mes gens

985 4678 977 168 Et tu uerras ces detracteurs

2755 410 498 140 ¶ Mensonge

2640 578 1393 140 ¶ Icy est demonstre cõment enuie machi

2649 687 1372 121 ne ⁊ poursuit la mort enuers enuie des a¬

2646 780 1129 99 moureux qͥ sont tenuz prisonniers

2568 2714 1005 99 Mourir en lermes et en pleurs

2578 2801 986 115 Et en autres diuers tormens

2550 2956 1085 124 Uoy tu quelz prisonniers ce sont

2556 3068 1135 106 Ce sont ceulx qui tout le bruit ont

2550 3146 1132 105 Uers doulce amoureuse plaisance

2553 3230 1017 105 Ce sont les gracieux qui uont

2550 3323 1132 118 Parlans damours et puis en font

2556 3419 917 87 Des balades par penitence

2553 3488 1076 124 Cest une tresmauuaise enfance

2550 3587 1004 103 Que dainsi amer lacointance

2541 3660 1026 112 De telz gens nez en mignotise

2553 3752 1091 118 Car cest pour gaster toute france

2547 3836 1082 121 Se dangier ne prenoit uengence

2547 3923 898 134 De leur deceuable cointise

2547 4069 874 143 Fay les tuer en la carriere

2544 4178 1209 140 Pour plus ten uengier promptement

2547 4274 923 115 Ou en ung sac en la riuiere

2559 4361 883 103 Et les noyer secrettement

2550 4445 895 103 Ou ilz te feront autrement

2550 4535 874 122 A toy ou a tes gens ennuy

2547 4622 1042 115 Car ilz ont cueur et hardement

2544 4700 1219 174 De trop long temps et non pas dhuy
