4267 5462
277 595 274 4 M

551 291 1193 191 es chiers freres la tresnoble esperãce

560 450 1124 118 Et loyaulte et la doulce prudence

564 537 1166 118 Mont enuoye pour dõner alegence

564 623 1161 128 Aucunement de uostre desplaisance

248 713 1269 133 Les dames ont enuoye faint semblant

254 791 1154 140 Pour espier le fait de faulx dangier

254 873 1403 143 Comme uous uont les lectres demõstrant

254 967 1254 131 Lequel dangier se cuyde bien uangier

257 1043 1475 143 Des urays amans: pour leur faire oultraige

254 1147 1363 133 Par sacquemens inhumains ⁊ mauluais

254 1219 1475 137 Mais ne doubtez quil uous puisse estrangier

257 1316 1266 131 De uray amour: ne par ditz ne par fais

254 1471 1142 146 Faulx daugier: oultrageuse enuie

254 1583 941 128 Haine mesdit et fole ialousie

254 1647 1478 149 Font des mauldiz uaudoys grant assemblee

254 1750 1154 125 Pour destruire par grande felonnie

254 1829 1029 137 La gracieuse et amoureuse uie

254 1914 1223 140 Des urays amans par trahison celee

248 2002 1160 140 Mais touteffoys ilz ont fole pensee

254 2096 1132 116 Car loyaulte ceste dame honnoree

248 2181 1223 134 Mande ses gens et de pres et de loing

248 2272 1056 128 Prudence aussi sera a la iournee

248 2357 1135 119 A grant pouoir de sa gent asseuree

248 2448 1281 140 Nel ne fauldroit pour riens a ce besoing

248 2561 859 182 Et esperance dautre part

248 2715 929 107 Refait general mandement

254 2794 1072 125 Et semblablement doulx regart

254 2885 1057 125 Par tresestroit commandement

248 2973 874 128 Ueez cy le fait entierement

254 3058 856 122 Et le secret de ma creance

248 3110 1141 161 Mais ne uous doubtez nullement

254 3237 1011 128 De dangier: ne de sa puissance

248 3389 944 124 Uous aurez ce noble secours

254 3498 1217 106 Contre tous ceulx qui font nuysance

254 3577 1202 118 Aux bons loyaulx subiectz damours

264 3665 1019 121 Ie uous en apporte asseurance

254 3753 1026 109 Au surplus ma dame esperance

254 3838 947 106 Uous fait une seule requeste

257 3926 1154 115 Cest que demain sans demourance

260 4011 963 134 Entrez en lamoureuse queste

257 4172 896 136 Et pour entendre la raison

260 4278 705 115 De son ymaginacion

260 4354 981 124 Demain aura cours et saison

270 4454 728 118 Ioyeuse constellacion

260 4533 750 121 Pource a elle deuocion

264 4612 1128 142 Que demain uous lentrepreignies

1830 351 776 113 Et selon son entencion

1820 430 1035 155 Que a ioyeuse fin en uiengnies

1826 600 1336 137 Trop bien aurez de grans heurs a passer

1826 713 1296 112 Par le pourchas de dangier et ses gens

1823 782 993 122 Mais a la fin il se deura lasser

1823 889 1217 109 Car apres ce quil aura en son temps

1823 958 1254 119 Liesse aura ses banieres aux champs

1820 1040 1169 131 Adonc seront les loyaulx resiouys

1826 1134 1248 113 Et les hais: faulx loyaulx mesdisans

1817 1219 1148 122 Lors ne seront deuant raison ouys

1826 1301 1233 149 Et bon aduis parla moult saigement

2267 1417 522 206 ¶ Bon aduis

1841 1856 224 0 S

2062 1617 1179 161 Ecret penser mon frere et mon amy

2057 1744 1244 125 Nous deuõs bien merciez hũblement

2060 1823 977 116 Esperance et les dames aussi

1875 1911 1420 122 Et uous apres: car leur bonne mercy

1839 2002 1329 122 Ilz ont mande pour nous tout leur effort

1826 2099 1136 97 Contre dangier no mortel ennemy

1823 2184 1211 110 Qui ne nous het que de la belle mort

1823 2260 1469 122 Mais touteffoys de riens nauons doubtance

1823 2345 1041 122 Ne de dangier ne de son aliance

1820 2442 1321 119 Tant que soyons en la garde des dames

1820 2518 1205 128 Car le pouoir/ la force et la puissance

1823 2603 1123 128 Desperance/ loyaulte et prudence

1823 2679 1463 139 Surmontẽt toꝰ faulx ⁊ mãcongiers blasmes

1817 2791 1333 106 Les enuieux sen tiendront pour infames

1823 2876 1275 106 Car en la fin ilz perdront corps et ames

1817 2961 1151 103 A ceste foys selon ce quil me semble

1820 3046 1469 118 Silz en prennent ne par sors ne par charmes

1820 3125 1393 112 A nous charger daucuns uilains diffames

1820 3216 1342 140 Leurs malices: et eulx periront ensemble

1830 3362 1162 154 Et par dieu qui men uouldra croire

1826 3474 850 124 Nostre queste se acheuera

1826 3562 972 121 Si bien quil en sera memoire

1826 3656 884 109 Tant que uie nous durera

1830 3738 916 112 Et demain on commencera

1826 3820 1084 115 Bien matin la queste amoureuse

1830 3917 898 115 Puis quesperance mande a

1826 3999 817 136 La constellacion ioyeuse

2224 4154 401 136 ¶ Lacteur

1855 4545 247 0 L

2084 4321 1169 145 Ors hault uouloir q̃ tant eut hault

2094 4439 321 106 couraige

2109 4494 1183 145 Et le plaintif amant/ et le messaige

2103 4603 1104 158 Et moy aussi tinsmes loppinion
