4267 5562
1020 404 1144 139 En ung moment de leur greuance

1023 506 1095 121 Quelque dueil quilz eussent porte

1023 605 1014 105 Et sur ma foy la moindre ioye

1026 676 925 111 De ce lieu riche de plaisance

1029 760 816 117 Souffisoit se dire losoye

1020 846 866 111 A oster toute desplaisance

1020 945 937 96 Et toute mortelle greuance

1026 1025 1020 112 Sans que nul lozast contredire

1023 1112 1017 99 Dont ie dis en moy/ ie ne pence

1020 1192 1033 111 Plus au plaintif amant desdire

1020 1291 980 111 La toute odeur souefue estoit

1020 1368 912 121 Qui le lieu odorant rendoit

1014 1507 924 143 Plus mille foiz que ie ne dis

1020 1637 1002 108 Et louuraige qui se monstroit

1014 1718 794 108 Dautre partie le paroit

1014 1798 1039 117 Mieulx a peu pres qun paradis

1014 1887 797 109 La les histoires de iadis

1011 1968 1063 127 Richement faictes en beaulx dis

1011 2070 831 99 y estoient bien amentues

1011 2144 884 111 Les nobles dauctorise pris

1011 2234 1060 108 Par leurs faitz uertueux acquis

1011 2317 1017 130 Auoient la de los grant treues

1014 2481 967 133 En une autre salle donneur

1014 2592 896 90 Entretaille e par doulceur

1008 2666 1063 118 Des nobles faitz des amoureux

1001 2765 1039 93 Lesquelz en fuyant deshonneur

1001 2852 1064 92 Honnoreement auoient rigueur

998 2926 968 120 Porte aux mauldiz enuieux

1001 3012 1030 121 Pensez ueoir faitz merueilleux

1001 3102 1024 114 De ces loyaulx amans eureux

1001 3188 925 118 Qui estoient appellez a ioye

1001 3281 990 99 Apres mains crimes rigoreux

1001 3352 980 118 Des faulx medisans furieux

1001 3454 1070 130 Que ia dieu en bien ne pouruoye

998 3606 869 129 La ueissiez ieunes amans

995 3717 1008 105 Amoureusement passer temps

995 3800 798 99 Auec mainte dame iolie

995 3890 847 93 Gracieusement deuisans

1001 3961 1064 123 En doulx langaiges et plaisans

998 4050 949 112 Sans penser mal ne uillenie

995 4149 949 102 Oncques plus gracieuse uie

995 4224 909 117 Ne fut ueue en nulle partie

989 4307 829 120 Aussi estoit ce bien raison

995 4409 1048 102 Car oncques la traistresse enuie

998 4486 829 115 Ny fut ne heure ne demie

989 4582 968 139 Pour ce y estoit ioye en saison

2594 401 940 142 La ueissiez ces gens amans

2597 512 927 106 Des belles dames regarder

2603 587 1178 142 Et faire mains tours tant plaisans

2591 685 967 124 Qua paine le peult on penser

2594 775 859 108 Les ungs ueissiez deuiser

2594 849 1070 121 Auec leurs dames plaisamment

2597 939 952 123 Et de maintes choses parler

2597 1022 1054 130 Entre eulx bien gracieusement

2591 1195 1159 136 Les aucuns des amans dancoyent

2591 1300 1063 115 Auec les dames qui chantoyent

2591 1384 695 93 Moult plaisamment

2588 1458 1017 130 Autres a diuers ieux iouoyent

2594 1554 1054 123 Et les ungs des autres rioyent

2603 1643 482 109 Ioyeusement

2597 1711 1088 133 Sans penser nul mal pensement

2591 1807 862 130 La estoit tout esbatement

2597 1887 510 124 Et tout plaisir

2594 1977 1057 114 Ny nestoit pas grant parlement

2594 2073 1057 123 De douleur/ ne semblablement

2591 2156 473 121 De desplaisir

2588 2305 1057 148 La se trouuoit plaisant ieunesse

2584 2422 913 108 En ioye/ en soulas/ en liesse

2584 2496 990 130 Par tresamoureuse plaisance

2584 2583 916 126 Qui en ostoit toute tristresse

2584 2679 863 117 Toute fierte/ toute rudesse

2584 2756 1070 120 Par sa haulte et digne puissance

2594 2848 819 109 Iestoie riche a suffisance

2584 2941 1114 108 Seulement de ueoir lordonnance

2578 3022 1166 120 Du noble et puissant dieu damours

2575 3111 996 114 Qui ainsi donnoit allegeance

2575 3191 1067 121 A ceulx qui auoient eu nuysance

2572 3278 1036 130 Tant que ioye estoit en decours

2572 3439 850 139 Et de ceste tour ou iestoie

2566 3534 955 124 Ueoye les biens de plaisance

2569 3627 962 108 Aucunement/ mais ie nauoie

2566 3711 1166 142 Pas adoncques clere congnoissance

2563 3813 989 108 Que ce fust la tour desperance

2563 3884 1026 111 Dont ie ueoye ces haulx biens

2563 3973 1162 124 Qui mostoient hors de desplaisance

2560 4057 1073 142 Par seul regart sans autre riens

2563 4214 943 130 Ie uis une chambre a parer

2557 4329 1014 105 Faicte par grant magnificence

2557 4418 998 111 Mille fois saus plus comparer

2550 4502 1039 117 Quon nauroit de dire puissance

2554 4576 1100 123 Car elle estoit toute en semblance

2554 4662 1159 173 De droicte couleur des cieulx faicte
