4267 5442
540 362 812 118 N ce bel paradis terrestre

540 439 1039 118 Cheminay longuement a destre

535 530 1099 127 Pour plus congnoistre de son estre

531 621 1007 113 Tant que aduanture me mena

275 707 931 106 Pres dung destour gracieux

275 789 955 111 Ou ioys soubz regretz piteux

278 873 1055 118 Souspirer ung ieune amoureux

272 970 1200 106 Qui long temps grant dueil demena

275 1118 1037 130 Ce ieune amant dont iay parle

272 1215 707 103 Auoit ce destour espie

272 1300 1167 123 Pour mieulx se plaindre a son priue

275 1393 937 100 De son mal couuert et secret

275 1472 1010 118 Ce lieu fut clos de toutes pars

278 1566 983 114 De fueilles largement espars

275 1647 828 112 Et separe de tous esgars

269 1729 825 130 O fin millieu de la forest

266 1895 1100 121 Les haulx souspirs de cest amant

272 2001 886 106 Me firent aller plus auant

272 2074 1046 117 Et approuchay du destour tant

269 2167 1203 121 Que ientendis la uoix dung homme

272 2264 958 91 Qui ses fortunes racomptoit

275 2337 889 105 Et tellement se tormentoit

269 2424 1013 106 Que raison maintenir uouloit

269 2518 1061 121 Que cestoit douleur de fantosme

275 2672 964 124 Si ie uins au commencement

278 2775 1007 97 De sa cõplainte ou autrement

287 2860 1031 99 Ie ne scay pas bien urayement

272 2941 995 103 Mais touteffoys a mon aduis

281 3029 1040 115 Il se plaignoit moult fierement

275 3111 961 111 De fortune en entrerompant

275 3210 1049 109 Son langaige doulx et plaisant

278 3283 1001 127 Soubz telz ou tressembles dits

692 3449 823 133 ¶ Le plaintif amoureux

517 3628 785 117 A fortune dure et rebelle

526 3724 852 109 Despiteuse/ fiere et cruelle

517 3800 1121 122 Gouffre de inhumaine uengeance

508 3895 935 118 Mer de desplaisance mortelle

275 3975 928 109 Faulse traistresse: telle quelle

275 4075 916 100 Murtriere de mon esperance

281 4151 1034 117 Se tu ueulx ma mort si tauance

278 4247 986 94 Car ie suis naure a oultrance

278 4320 898 115 Par ta desloyalle poursuite

275 4414 955 108 Et tant batu de desplaisance

272 4501 1116 112 Que ie suis tout hors de plaisance

272 4580 1073 145 Qui ce est par toy ia mise en fuite

1838 332 992 115 Mais comment es tu si hardie

1847 438 986 100 De me oster ma ioye et ma uie

1844 510 1080 140 Sans moy mectre du tout a mort

1844 598 829 112 Esse bien trahison bastie

1838 701 1031 106 Pourparlee en mauldicte enuie

1841 786 989 99 Duser de mensongier rapport

1841 867 959 103 Pourquoy suis ie bany a tort

1838 946 983 118 De ce qui est mon seul confort

1829 1027 804 121 Faulse fortune forcenee

1835 1112 950 130 Cest par toy et par ton effort

1832 1200 856 115 Plain de sedicieux discort

1838 1287 938 133 Mauldicte uieille esceruelee

1835 1445 1461 142 Dont uint ce bien que a mon commencement

1835 1560 1173 96 Tu me fus doulce asses: et tellement

1832 1632 1173 121 Que ie choisy par uray assentement

1832 1726 1143 106 Une dame de tous biens acomplye

1829 1810 1104 103 A laquelle soubzmis entierement

1835 1889 1355 124 Corps/ cueur et biens habandonneement

1835 1974 1225 124 En dellaissant mon ueu oultreement

1835 2077 1186 99 Tout a son gre tant que iauroye uie

1835 2155 1222 115 Pourquoy saiz tu tant de la rancherie

1832 2249 1276 115 Mais cuyde tu quon ne congnoisse mye

1832 2324 1122 130 Tes manieres plaines de tricherie

1832 2412 499 103 A tant me tais

1838 2503 1134 115 Et maulgre toy et haineuse enuye

1829 2584 1098 109 Et fusse tu ma mortelle ennemye

1832 2669 1083 133 Si tiendray ie lamoureuse partie

1832 2772 596 97 A tousiours mais

1832 2838 1358 127 ¶ Ne es tu pas bien de mauluaise nature

1832 2932 1337 112 De meslongner sans quelque forfaicture

1835 3023 1083 112 De la tresplus parfaicte creature

1835 3107 1183 121 De ce monde: que tant ie dois aimer

1832 3195 1122 115 Dy que tu es rebelle faulse et dure

1829 3277 1201 121 Oultrageuse mauldicte a desmesure

1826 3374 1219 114 Malencontre dennuyeuse aduanture

1829 3452 1173 121 De ma princesse ainsi a tort blasmer

1823 3537 1201 115 Puis que tu scez que ie ne puis porter

1832 3631 1201 108 Son deshonneur plaise toy desporter

1829 3709 1313 136 De faulsement sur nous deux rapporter

1829 3800 1059 127 Si me feras ung singulier plaisir

1826 3897 1092 108 Ou si non sans iamais supporter

1823 3972 1068 109 La mauluaistie ie te feray porter

1826 4057 1222 121 Loz de mauluais pour toy reconforter

1829 4141 1137 133 Et te seruir dung mes de desplaisir

1826 4305 1037 148 Tu es bien de mauluais affaire

1829 4398 484 127 De ainsi faire

1823 4504 432 94 Le contraire

1829 4574 983 163 De tout ce qui me peult plaire

299 317 223 358 E

299 3646 204 308 H
