4267 5462
694 400 389 112 ¶ Lacteur

255 550 291 383 Q

532 555 1102 127 Uant nous oysmes son langaige

541 641 1075 123 Qui tant fut plaisant a entendre

546 746 1074 109 Bien coyment sans nul rauaige

537 823 1188 123 Uoulsismes des cheuaulx descendre

254 910 1345 136 Et nons asseoir pour mieulx comprendre

248 998 1047 118 Le demourant de sa complainte

254 1077 1199 130 Sans ce quen riens il sceust aprendre

245 1171 1063 112 Que nous escoutions sa plainte

248 1250 786 127 Lamant ainsi continua

248 1344 938 136 Sa complainte piteusement

670 1593 777 136 ¶ Lamant sans partie

227 1838 273 415 H

487 1847 938 128 Ellas amours et qui pourra

491 1948 850 109 Dire lennuy et le torment

488 2033 974 133 Que iendure pour loyaument

482 2121 879 109 Aymer ci que ie doy aymer

230 2215 1017 100 Laymer mest chier amerement

230 2303 1199 139 Quant en lieu de doulx nay quamer

227 2473 1020 121 Pour aymer ma seule princesse

227 2558 968 124 Mon seul bien: ma seule liesse

227 2649 923 118 Mon seul et souuerain desir

227 2740 1062 121 Ma seule dame/ et ma maistresse

230 2825 832 115 Ma seule ioyeuse richesse

227 2919 983 112 Mon esperance et mon plaisir

224 2998 1165 112 Tout mon uueil: tout mon souuenir

224 3092 968 97 Tout ce que iay uoulu choisir

224 3167 980 110 Pour auoir du tout suffisance

227 3255 965 107 Plaise uous le tout uostre oyr

218 3346 1135 128 Uraye amour que tout uueil cherir

218 3441 929 112 Que ie nay de dire puissance

218 3574 829 137 Ha douloureuse destinee

218 3695 913 113 Qui ta la puissance donnee

215 3774 1020 128 Que tu ueulx sur moy excercer

224 3878 929 97 Nuyt et iour: soir et matinee

215 3947 1023 137 Quant par angoisseuse pensee

218 4050 841 98 Me martirizer sans cesser

218 4120 1074 143 Dueil sans cesse me uient presser

218 4205 962 134 Prest tousiours a recõmencer

218 4311 968 110 De pensee uient aucunement

218 4396 795 113 Ma cellee ioye appresser

224 4472 956 125 Et ma desplaisance auancer

224 4572 953 140 Et me faire uiure en torment

1823 400 1090 121 Et quant iay bien par tout pense

1826 482 814 100 Ie me trouue desauance

1820 573 975 118 Par force daymer sans partie

1823 655 917 121 Et de mon mal recompense

1817 746 738 103 Petitement et auance

1817 849 899 88 Largement en melancollie

1817 913 975 124 Touteffoys soit sens ou folie

1817 1004 1005 112 Mon uouloir iamais ne se plie

1820 1083 1075 124 En autre ploy quamours la mis

1814 1174 1072 124 Ains tient pour sa dame et amye

1817 1256 962 118 Et tiendra tant quil aura uie

1817 1359 1141 124 Celle ou amours a mon cueur mis

1808 1495 1062 149 Amours souuent me fait fremir

1814 1614 1029 115 Trembler/ rougir/ froidir/ pallir

1811 1708 993 112 De ueue/ douye/ ou de pensee

1808 1781 926 121 Sans raison/ aller ou uenir

1814 1863 1032 142 Songier en parlant/ sans tenir

1808 1963 947 112 Propos en riens de chose nee

1808 2042 1002 124 Amour me fait mainte nuytee

1811 2130 968 112 Faire des chasteaulx de gelee

1805 2209 1132 124 Quant ie me cuyde mieulx dormir

1811 2294 996 142 Dont raison est toute troublee

1802 2385 902 115 Pour la paine desordonnee

1802 2470 1199 163 Que incessamment me fault souffrir

1808 2633 974 152 Se ie suis en lict ou en couche

1802 2752 811 100 Se ne me puis ie reposer

1802 2818 959 134 Car desir si au uif me touche

1796 2906 962 134 Quil mest force de fort resuer

1802 2994 1102 137 Et me fait/ puis dung lez tourner

1796 3079 1090 152 Puis dung autre en diuerse guise

1799 3180 886 109 Et destourner et retourner

1796 3252 868 140 Mille foys a sa belle guise

1793 3413 850 137 Se ie dors auec mon amy

1793 3513 895 128 Et dauanture ie mesueille

1790 3604 914 134 Pour aucun ennuy et soucy

1796 3692 865 116 Incontinent ie le resueille

1796 3790 971 124 Et fault quauec moy il ueille

1787 3862 1077 146 Uueille ou non: pour ceste nuytee

1793 3956 1105 152 Et racomptons mainte merueille

1790 4054 914 127 Tant que ceste nuyt a duree

1790 4202 1044 152 Si ie suis seul sans compaignie

1793 4311 908 122 Ientre en mortelle resuerie

1790 4406 792 106 Et dures lamentacions

1790 4487 838 122 Et ay tant de melancolie

1781 4566 1023 146 Tant de dueil/ tant de fantasie
