4267 5538
1055 421 1183 129 Dont sur le corps prent uengement

1062 513 757 111 Il martirize seulement

1055 596 986 105 Le corps tresangoisseusement

1062 686 988 113 En luy donnant paine infinie

1055 766 872 107 Par pensee/ premierement

1055 852 986 107 Desplaisance et secondement

1052 947 930 105 Par tristresse et merancollie

1046 1018 785 111 La estoit toute tirannie

1049 1104 776 114 Nee en toute forcenerie

1046 1190 1087 123 Qui sans mourir presentoit mort

1049 1295 868 86 En cuidant par enragerie

1043 1375 822 104 A ces amans oster la uie

1046 1461 985 123 Quon martirizoit a grant tort

1037 1615 908 126 Le desloyal ialoux dangier

1046 1713 1007 105 Les faisoit a ses gens plongier

1040 1799 1201 114 En plonc bouyllant et huylle ardant

1037 1885 1001 111 Pour leur propos faire chãger

1034 1975 1050 104 Ou par la mort deulx se uenger

1028 2064 1200 111 Mais ilz nen faisoient nulz semblant

1022 2138 1043 123 Ains souffroient en remerciant

1022 2239 969 93 Amour qui auoit pouoir tant

1019 2310 1111 108 Que deulx conforter par sa grace

1028 2412 1016 117 En ung si angoisseux torment

1002 4305 244 383 E

1256 4319 655 92 Nuie ie te contredis

1259 4384 1028 114 Ces prisonniers que tu tiens la

1253 4470 902 108 De par amours et ses amis

1246 4550 1136 143 Et ten uiens aux champs par deca

2595 430 1053 111 Sans quilz sentissent nullement

2592 526 1046 123 Que lardeur leur uouloir efface

2595 670 1043 136 Ces glorieux dignes souffrans

2598 781 985 111 Sesiouissent en leurs tormens

2595 864 853 98 Pour despiter les enuieux

2601 944 960 117 En faisant melodieux chans

2598 1030 813 105 A la louenge des amans

2598 1107 1077 120 Qui seroient couronnez es cieulx

2598 1209 1121 101 Et les anges a qui mieulx mieulx

2589 1279 1163 136 Prestz deulx ayder en trestous lieux

2589 1381 837 89 Les uenoient reconforter

2595 1452 1043 120 Et les ueions ainsi meist dieux

2589 1553 1049 105 Euidemment a ueue des yeulx

2586 1636 1086 123 Qui moult nous fist encouragier

2589 1787 1003 120 Tandis que dangier tormenta

2592 1879 1154 117 Ces saints amans que ie uous dis

2586 1981 883 95 Hault uouloir enuie escria

2604 2064 948 120 En ce point selon mon aduis

2816 2141 585 148 ¶ Hault uouloir

2699 2304 1343 145 ¶ Icx appert cõment hault uouloir com

2693 2415 1189 117 bat ⁊ cõtre dit cõtre enuie et ses gens.

2752 4301 374 120 ¶ Lacteur

2840 4379 863 120 A oyissez merueilleux bruit

2830 4471 1039 125 Quant enuie oyt hault uouloir

2826 4555 1048 110 Et dangier de tout mal instruit

2812 4633 1117 208 Rengea ses gens pour plus paroir

2539 4356 277 443 L
