4267 5638
968 413 277 319 A

1268 413 935 132 Insi dolent comme dieu scet

1278 501 1099 144 Ie maprouchay sans faire arrest

1268 582 884 132 De celluy qui ia estoit prest

1254 671 362 108 A receuoir

939 761 937 109 Le uouloir de dame fortune

939 855 1087 103 Qui demenoit sa grant rancune

946 955 1106 100 Et sa grant fierte trop commune

946 1017 1012 138 Sur ce dolant pour deul auoir

939 1168 1097 144 Cil qui tant souffroit de douleur

936 1284 1003 112 Auoit a souhait uent de pleur

939 1371 950 110 En la haulte mer de maleur

939 1478 968 94 A plain tref de amere tristesse

939 1562 1106 104 Et par dieu pour ma part iauoye

936 1653 1100 104 Tant de mal que puls ne pouoye

946 1744 839 97 Endurer ce que ie ueoye

946 1813 1005 138 Sans luy donner part en liesse

946 1970 1055 125 Ie me enclinay sur terre au fort

943 2082 1140 113 Et congueuz quil nestoit pas mort

939 2158 1053 119 Dont ieuz aucun plaisir confort

943 2261 1036 103 Et tastay adoncques son poux

933 2339 1119 107 Au mieulx et au plus doulcement

933 2430 1006 110 Que ie sceuz faire bonnement

936 2518 1081 113 Mais il me sembloit urayement

936 2596 1087 132 Quil estoit naure dourbes coups

939 2753 965 147 Et ie cuiday adoncques dire

933 2872 877 106 Que courroux recele et ire

933 2950 915 107 Uenans a cause de mesdire

933 3035 1081 109 murtrissoient le cueur de lamant

936 3119 1065 132 Et que son mal plus grief estoit

930 3226 977 109 mille fois quil ne le monstroit

933 3310 1097 116 Pour ce que a nul ne remonstroit

933 3385 890 141 Le mal quil alloit recelant

939 3551 962 132 Helas ie ne scauoie que faire

943 3655 977 109 De lappeller ou de moy taire

939 3739 1138 141 Tant fort craignoie a luy meffaire

939 3827 846 110 Et a doubter sa maladie

939 3924 746 113 Raison sur ce delibera

939 4006 686 106 Et amitie si accorda

936 4084 824 119 Par pitie qui le conseilla

939 4190 940 129 Que ainsi ne te lairay ie mie

939 4347 1091 119 Et pour prendre aucune couleur

946 4441 958 125 Ie me fonday sur sa douleur

946 4544 1071 101 En appellant par grant rigueur

939 4620 915 122 Fortune faulse et traistresse

939 4713 887 179 De consentir ainsi la mort

2525 413 968 106 Dung innocent naure a tort

2528 510 933 103 Et resoult par faulx raport

2525 582 1143 141 De son honneur par grant rudesse

2521 745 922 122 Ainsi en parlant ie pensoye

2521 845 1069 129 A cil que tant en moy plaignoye

2528 936 940 113 Et tressouuent le regardoye

2525 1017 986 107 Pour ueoir sil se leueroit lors

2521 1121 1028 109 Mais cestoit bien paine perdue

2528 1205 849 110 Car la force de coustume

2528 1303 852 97 Luy auoit ia pieca tollue

2525 1381 939 122 Toute la puissance du corps

2521 1531 922 132 De rechief retournay a luy

2518 1641 1100 119 Faingnant quil eust asses dormy

2521 1722 884 107 En disant or sus mon amy

2521 1826 990 87 Leuez uous et ie uous en prie

2518 1891 1116 126 Laymant qui tant ot de meschief

2518 1995 1069 106 Apres ces motz tourna son chief

2521 2073 1147 128 De trauers qui moult luy fut grief

2525 2158 902 119 Comme sil uint de litargie

2521 2305 994 147 Et ot les yeulx gros et enfles

2521 2421 925 119 Despesses larmes arouses

2525 2508 877 119 Et a merueillez esploures

2525 2602 905 113 Tant que cestoit toute pitie

2521 2684 903 119 Sa face estoit toute ternye

2525 2778 814 113 Par aspresse de maladie

2518 2869 1087 116 Qui long temps luy fut ennemie

2525 2953 899 125 En delaissant toute amitie

2525 3113 927 128 En tel estat que ie uous diz

2518 3204 1069 125 Laymant soubz tresgracieux diz

2525 3313 965 91 En faignant ung fablelet ris

2515 3398 859 119 Respondit gracieusement

2731 3536 843 163 ¶ Le plaintif amoureux

2547 3725 211 400 F

2782 3697 1104 155 Rere pour quoy me appellez uous

2791 3819 1090 132 Amy par uostre acueil tres doulx

2782 3904 1080 131 qui suis plus maleureux de tous

2786 3993 1058 132 Ie uous en mercy humblement

2518 4156 925 147 Et touteffoiz quelque soyez

2518 4269 799 112 Ne que de moy ouy aiez

2528 4344 1137 135 Ie uous pry que uous me octroiez

2515 4444 808 97 Une requeste seulement

2518 4526 887 106 Cest que se uous auez ouy

2515 4613 1087 129 Mes plains celez les comme amy

2515 4707 928 135 Et uous me obligerez ainsi
