4267 5617
995 439 818 110 Tant plaisant et ioyeux

995 518 796 106 Qui uous fait cy uenir

992 605 768 137 Qui est cest amoureux

1198 764 768 165 ¶ Espoir de paruenir

995 929 678 169 Espoir de paruenir

1195 1095 453 165 ¶ Ialousie

992 1288 749 122 Faictes ung uidimus

989 1382 961 134 Uoz facons sont trop faulses

989 1479 840 121 La cousture des chausses

992 1575 699 125 Foris ny uenez plus

1201 1719 759 165 ¶ Tout habandonne

983 1903 1367 144 Grace amoureuse me fait tant trauailier

977 2015 1204 110 Que nuyt et iour elle me fait ueilier

980 2093 1192 110 Loiel ne se clot/ ne le cueur ne repose

980 2181 1242 128 Et ne me peult rien que grace aleger

980 2271 1064 122 En grief soussi et mortel danger

977 2349 1329 147 Est cueur damant qui en amour se pose

970 2443 1083 122 Regret soussi acoup luy compose

973 2530 1205 116 De leur secret qui tout plaisir efface

970 2624 1296 106 Fleur de doulceur tres amoureuse rose

967 2721 1305 112 Uostre beaulte soit dessus moy desclose

964 2805 1430 134 Riens plus ne quiers fors amoureuse grace

1189 2961 352 150 ¶ Grace

961 3139 749 140 Compaing de renom

958 3248 608 100 Trop desordonne

958 3326 708 140 Quel est uostre nom

1176 3488 765 150 ¶ Tout habandonne

958 3632 680 181 Tout habandonne

1170 3800 453 184 ¶ Ialousie

955 4006 941 155 Uides uides quel parlement

955 4116 836 118 Icy nauez a faire en rien

945 4218 846 107 Uides uides legierement

945 4293 1093 135 Uous ne uenez pas cy pour bien

1152 4456 496 149 ¶ Sot penser

936 4634 1074 134 A sotoier est mon sot pensement

933 4755 1317 159 Qui dessus moy aucun mal pense ment

2590 436 1277 131 Sot penser suis qui en pensant sotoye

2587 546 1321 96 Tant sotoart en pensant tant sotement

2587 617 1199 125 Sot assote sans sens nentendement

2581 717 1174 113 Pour sotoier ung chacun ce sot oye

2581 798 1302 128 Tant sotement en pensant mapensoye

2578 889 1074 100 Ou pẽd le sil de fin lin ou de soye

2584 961 1071 121 Que iay file pensant a ma filace

2575 1057 1301 110 Le fil damours iay trouue en ma uoye

2537 1229 1445 184 Rien plus ne quiers fors amoureuse grace

2581 1148 1355 112 Uoye mon cueur amours et me pouruoie

2796 1385 366 147 ¶ Grace

2572 1544 649 153 Qui est ce bon sot

2575 1666 640 109 A bien pourpenser

2565 1756 675 138 Dit a ung bon mot

2786 1891 277 206 ¶ Sot

2578 2043 624 244 Ie suis sot penser

2803 2246 437 169 ¶ Ialousie

2559 2446 865 128 Sot allez aillieurs sotoier

2553 2561 918 97 A sot ne fault grace donner

2553 2643 1074 121 A telz sotz fault souuent guetier

2556 2718 893 140 De sot se fait il bon garder

2753 2874 512 165 ¶ Sot penser

2547 3039 849 140 Oyes ce cliquet cliqueter

2547 3154 1023 131 La fieure uous puist espouser

2550 3251 1002 125 Uieille edentee et renfroignye

2547 3335 777 110 Fiere enuieuse ialousie

2547 3417 989 149 En ton despit ie uoys danser

2734 3576 568 165 ¶ Languissant

2531 3735 1074 187 Uous plaise nous grace donner

2740 3880 459 211 ¶ Iatousie

2528 4109 1099 141 Quel parlement: tant quaqueter

2525 4215 952 135 Queres ailleurs uostre folie

2749 4337 285 178 ¶ Sot

2522 4543 830 134 Oyez ce cliquet cliqueter

2522 4649 998 116 La fieure uous puist espouser

2522 4740 945 187 Uieille esdentee renfroignye
