4267 5462
218 461 986 97 Mais apres leur departement

215 527 1187 140 Dont nous ne uismes oncque s rien

218 622 971 121 Nous resourdit horriblement

212 716 983 124 Paour infinie par leur moyen

215 861 1168 131 Comme grant pluye aspre froidnre

215 964 889 116 Et dure gresle a desmesure

215 1046 1062 113 Et neige a grant douleur glacee

212 1143 1086 107 Qui uenoient par droicte nature

218 1222 813 113 En ceste region obscure

218 1313 929 113 Nuyt et iour/ soir et matinee

209 1389 935 119 Qui nous firent ceste nuitee

212 1474 1132 137 Maint ennuy tant quelle eut duree

218 1574 589 101 Car ses tormens

221 1644 1050 134 Nous donnerent mainte pensee

221 1735 844 128 Dangoisseuse paine celee

221 1838 665 137 Pour certain temps

221 1984 1026 137 Fouldres menuement cheoient

221 2084 1011 109 Et tonnoirres se rengregoient

218 2166 1014 125 Si durement que a mon aduis

218 2254 1144 109 Cent mille diables se assembloient

224 2342 1193 128 Sur nous qui nuyre nous cuidoyent

215 2442 1044 109 Mais dieu ne lauoit pas permis

221 2515 738 109 Et en uerite ennemys

224 2603 1105 118 Sembloient ilz a leurs hideux cris

221 2685 953 112 Et telz estoient ilz sans faille

221 2770 1387 112 Que enuye pour nous nuire eut transmis

227 2858 1390 121 Ne oncques puis que dieu fut en croix mis

224 2946 959 149 Nouyt nul en lair tel bataille

221 3098 1156 133 Ces diables couroient par ces nues

221 3204 1059 106 Et nous tenions noz espes nues

221 3289 1029 112 Chascun en regardant la croix

218 3374 995 115 Ce ressembloient bestes mues

221 3480 1047 97 Enragees courans par les rues

221 3550 835 121 A lorriblete de leurs uoix

221 3641 1071 115 La ouyssiez mains grans escroys

224 3720 1032 115 De tonnoirres et mains effrois

221 3808 959 124 Et tormens aspres et hideux

218 3911 838 94 Mais iose dire touteffois

218 3984 1026 124 Que tout ce na ualu deux noix

224 4072 898 136 Ne a enuie ne aux enuieux

221 4223 1414 128 Car hault uouloir qui de hault cueur estoit

227 4348 1184 88 En ces tormens si nous reconfortoit

221 4415 1338 118 Quil nestoit riens qui nous fist nuysance

230 4518 1226 91 Et bon aduiz qui deuant cheuauchoit

227 4594 1348 100 Comme scauant/ ce mal temps coniuroit

227 4679 1393 121 De par les haulx noms de uraye esperance

1790 443 1299 100 Et par ces deux tien ie en ma conscience

1787 534 1311 103 Que loraige de ce temps plain doultrage

1790 609 1250 122 Se rapaisa sans quelque autre moyen

1787 713 1284 97 Que de ce uaincre enuie par souffrance

1781 776 1141 119 Par le conseil de la bonne prudence

1781 870 1341 134 Qui au depart nous conseilla moult bien

1784 1010 1214 161 Ce hideux temps et ce mauldit orage

1781 1131 923 110 La cruaute denuie et la rage

1790 1231 1111 95 Forcenee des dyables aians corps

1781 1295 1451 137 Qui en mains lieux usent de faulx langaige

1784 1395 1269 107 Et tendent latz a tout plaisant passage

1781 1474 1311 106 Pour destrousser par uenimeux rappors

1781 1562 1332 116 Teulx qui cuidoient estre loyaulx et hors

1781 1638 1065 115 De leurs escrips mauldis et fors

1781 1729 1096 103 En la fierte de ce commencement

1781 1811 1126 109 Et loultraige des haineux discors

1772 1911 1205 97 Les trahisons des pourparlees mors

1784 2002 1314 125 Sur nous quatre regnerent longuement

1775 2142 1387 133 Mais a laide des deux qui nous guiderent

1775 2251 1293 118 Tous ces tormens en fin desemparerent

1784 2333 1162 121 Ie ne scay pas bien a dire comment

1775 2415 1460 118 Et en ces maulx tousiours nous conforterẽt

1772 2518 1463 115 Et mains assaulx ⁊ mains maulx endurerẽt

1769 2588 1423 149 Pour nostre amour moult uigoureusement

1778 2694 1102 91 Et neust este lobscurte seulement

1772 2770 1141 112 Et la pueur de lair semblablement

1775 2852 1141 124 Nous eussions peu a peu doccasion

1766 2943 1065 109 Recouurer ioye et esiouyssement

1769 3034 1117 100 Apres ce tresaspre et felon torment

1772 3107 1296 158 Dont nous semblions estre a confusion

1772 3271 1350 163 Touteffoiz quant nous nous trouuasmes

1772 3368 1041 121 Quittez de ces premiers assaulx

1775 3459 1020 115 A mon aduis nous oubliasmes

1769 3541 1108 118 La greigneur partie de noz maulx

1775 3647 998 91 Et pour adoulcir les trauaulx

1763 3714 1135 121 Que nous sentions et les mesaises

1772 3799 1123 121 Nous descendismes des cheuaulx

1769 3896 1165 136 Pour nostre bien et pour leurs aises

1875 4145 1354 115 ¶ Comment lacteur et lamant apres q̃lz

1878 4239 1354 118 se sont cõbatus a souspecon et se sont des

1875 4327 1357 103 cendus de leurs cheuaulx entrent es ten¬

1875 4427 1360 136 tes et pauillons ou ilz sont entretenus et

1875 4497 625 154 festoyez des dames
