<?xml version="1.0" encoding="UTF-8"?>
<alto xmlns:xsi="http://www.w3.org/2001/XMLSchema-instance"
      xmlns="http://www.loc.gov/standards/alto/ns-v4#"
      xsi:schemaLocation="http://www.loc.gov/standards/alto/ns-v4# http://www.loc.gov/standards/alto/v4/alto-4-2.xsd">
  <Description>
    <MeasurementUnit>pixel</MeasurementUnit>
    <sourceImageInformation>
      <fileName>Le_Jardin_de_plaisance_Rés._YE_168_de_la_BnF.pdf_page_27.png</fileName>
      <fileIdentifier>pdf//Le_Jardin_de_plaisance_Rés._YE_168_de_la_BnF.pdf</fileIdentifier>
    </sourceImageInformation>
  </Description>
  
  <Tags>
    <OtherTag ID="BT16575" LABEL="MarginTextZone" DESCRIPTION="block type MarginTextZone"/><OtherTag ID="BT16576" LABEL="DamageZone" DESCRIPTION="block type DamageZone"/><OtherTag ID="BT16577" LABEL="DigitizationArtefactZone" DESCRIPTION="block type DigitizationArtefactZone"/><OtherTag ID="BT16578" LABEL="DropCapitalZone" DESCRIPTION="block type DropCapitalZone"/><OtherTag ID="BT16579" LABEL="GraphicZone" DESCRIPTION="block type GraphicZone"/><OtherTag ID="BT16581" LABEL="NumberingZone" DESCRIPTION="block type NumberingZone"/><OtherTag ID="BT16582" LABEL="QuireMarksZone" DESCRIPTION="block type QuireMarksZone"/><OtherTag ID="BT16583" LABEL="RunningTitleZone" DESCRIPTION="block type RunningTitleZone"/><OtherTag ID="BT16584" LABEL="SealZone" DESCRIPTION="block type SealZone"/><OtherTag ID="BT16585" LABEL="StampZone" DESCRIPTION="block type StampZone"/><OtherTag ID="BT16586" LABEL="TableZone" DESCRIPTION="block type TableZone"/><OtherTag ID="BT16587" LABEL="TitlePageZone" DESCRIPTION="block type TitlePageZone"/><OtherTag ID="BT16580" LABEL="MusicZone" DESCRIPTION="block type MusicZone"/><OtherTag ID="BT19261" LABEL="MainZone" DESCRIPTION="block type MainZone"/><OtherTag ID="BT20810" LABEL="text" DESCRIPTION="block type text"/>
    <OtherTag ID="LT6926" LABEL="DefaultLine" DESCRIPTION="line type DefaultLine"/><OtherTag ID="LT6927" LABEL="HeadingLine" DESCRIPTION="line type HeadingLine"/><OtherTag ID="LT6928" LABEL="InterlinearLine" DESCRIPTION="line type InterlinearLine"/><OtherTag ID="LT7870" LABEL="default" DESCRIPTION="line type default"/>
  </Tags>
  
  <Layout>
    <Page WIDTH="4267"
          HEIGHT="5462"
          PHYSICAL_IMG_NR="23"
          ID="eSc_dummypage_">
      <PrintSpace HPOS="0"
                  VPOS="0"
                  WIDTH="4267"
                  HEIGHT="5462">
        
        <TextBlock HPOS="194"
                   VPOS="388"
                   WIDTH="1453"
                   HEIGHT="4282"
                   ID="eSc_textblock_006d39be"
                   TAGREFS="BT20810">
          <Shape><Polygon POINTS="688 388 1040 388 1077 470 1016 543 1210 570 1198 676 919 703 980 810 907 883 1089 910 1138 958 1101 1162 1174 1247 1101 1319 1198 1347 1235 1444 1223 1550 980 1590 1028 1684 943 1756 1174 1772 1223 1832 1223 2412 1162 2436 1538 2463 1599 2536 1587 2667 1526 2706 1526 2825 1575 2873 1481 2910 1477 2982 1380 3034 1477 3192 1417 3362 1441 3419 1116 3480 1019 3529 1040 3589 943 3641 1320 3677 1453 3799 1441 4063 1028 4078 1223 4126 1104 4175 1344 4199 1116 4208 1104 4260 1635 4296 1647 4415 1575 4585 1286 4597 1186 4670 194 4633 194 4308 591 4260 619 4223 521 4187 643 4111 616 4063 230 4063 194 3966 218 3677 570 3638 254 3589 482 3568 461 3544 546 3483 206 3444 206 3082 582 3031 388 2982 506 2946 254 2934 267 2900 494 2900 494 2861 254 2873 206 2825 206 2488 570 2424 230 2375 230 2318 303 2281 206 2206 206 1820 291 1747 594 1732 230 1684 218 1359 631 1295 242 1247 218 946 267 898 691 858 619 810 676 688 254 688 230 582 652 546 688 388"/></Shape>
          
          
          <TextLine ID="eSc_line_5fc9eb0e"
                    TAGREFS="LT7870"
                    BASELINE="676 470 1043 461" 
                    HPOS="676"
                    VPOS="388"
                    WIDTH="367"
                    HEIGHT="130">
            <Shape><Polygon POINTS="1007 388 977 388 946 388 916 388 886 388 855 388 825 388 804 388 701 388 682 421 676 470 676 518 1040 518 1043 461 1034 391 1007 388"/></Shape>
	    <String CONTENT="¶ Espoir"
                    HPOS="676"
                    VPOS="388"
                    WIDTH="367"
                    HEIGHT="130"
                    WC="0.9472936764359474"></String>
          </TextLine>

          
          
          <TextLine ID="eSc_line_186efcd7"
                    TAGREFS="LT7870"
                    BASELINE="233 643 1201 631" 
                    HPOS="233"
                    VPOS="552"
                    WIDTH="968"
                    HEIGHT="133">
            <Shape><Polygon POINTS="1171 564 1147 561 1141 561 1110 555 1086 552 1065 570 752 570 716 552 713 552 710 552 461 576 437 576 418 576 361 567 352 570 321 573 291 576 260 576 233 609 233 643 233 682 1198 685 1201 631 1192 591 1171 564"/></Shape>
	    <String CONTENT="Grace ne ueult a nous parler"
                    HPOS="233"
                    VPOS="552"
                    WIDTH="968"
                    HEIGHT="133"
                    WC="0.998700635773795"></String>
          </TextLine>

          
          
          <TextLine ID="eSc_line_a6b0a177"
                    TAGREFS="LT7870"
                    BASELINE="679 810 937 804" 
                    HPOS="673"
                    VPOS="716"
                    WIDTH="264"
                    HEIGHT="130">
            <Shape><Polygon POINTS="679 810 679 843 931 846 937 804 928 737 846 740 834 737 746 716 743 716 740 716 737 716 673 737 679 810"/></Shape>
	    <String CONTENT="Grace"
                    HPOS="673"
                    VPOS="716"
                    WIDTH="264"
                    HEIGHT="130"
                    WC="0.9999990701675415"></String>
          </TextLine>

          
          
          <TextLine ID="eSc_line_f0625e44"
                    TAGREFS="LT7870"
                    BASELINE="230 986 1095 977" 
                    HPOS="227"
                    VPOS="889"
                    WIDTH="868"
                    HEIGHT="124">
            <Shape><Polygon POINTS="1077 907 1062 904 871 895 867 895 740 910 673 889 670 889 667 889 664 889 661 889 634 910 515 889 512 889 509 889 458 913 440 895 440 892 437 892 433 892 352 892 349 892 345 892 342 892 324 910 279 895 257 901 227 931 230 986 230 1013 1095 1013 1095 977 1089 916 1077 907"/></Shape>
	    <String CONTENT="Hellas ie nose mot sonner"
                    HPOS="227"
                    VPOS="889"
                    WIDTH="868"
                    HEIGHT="124"
                    WC="0.9991378140449524"></String>
          </TextLine>

          
          
          <TextLine ID="eSc_line_23e0a974"
                    TAGREFS="LT7870"
                    BASELINE="245 1068 1037 1062" 
                    HPOS="242"
                    VPOS="995"
                    WIDTH="795"
                    HEIGHT="136">
            <Shape><Polygon POINTS="245 1068 245 1131 643 1113 1034 1125 1037 1062 1031 1010 667 995 664 995 661 995 631 1010 628 1013 242 1013 245 1068"/></Shape>
	    <String CONTENT="Ialousie mest ennemye"
                    HPOS="242"
                    VPOS="995"
                    WIDTH="795"
                    HEIGHT="136"
                    WC="0.9998758690697807"></String>
          </TextLine>

          
          
          <TextLine ID="eSc_line_7289aa14"
                    TAGREFS="LT7870"
                    BASELINE="673 1250 1122 1241" 
                    HPOS="670"
                    VPOS="1134"
                    WIDTH="452"
                    HEIGHT="170">
            <Shape><Polygon POINTS="1095 1159 1092 1156 1013 1134 1010 1134 1007 1134 1004 1134 1001 1134 962 1162 828 1137 825 1137 670 1165 673 1250 673 1286 740 1286 743 1286 758 1301 758 1304 761 1304 764 1304 767 1304 858 1286 889 1283 916 1286 977 1298 980 1298 1122 1286 1122 1241 1116 1186 1095 1159"/></Shape>
	    <String CONTENT="¶ Ialousie"
                    HPOS="670"
                    VPOS="1134"
                    WIDTH="452"
                    HEIGHT="170"
                    WC="0.9304248511791229"></String>
          </TextLine>

          
          
          <TextLine ID="eSc_line_fdfa9819"
                    TAGREFS="LT7870"
                    BASELINE="221 1420 1165 1407" 
                    HPOS="218"
                    VPOS="1313"
                    WIDTH="947"
                    HEIGHT="134">
            <Shape><Polygon POINTS="1128 1329 1119 1326 1062 1313 1059 1313 934 1335 922 1335 901 1335 691 1316 688 1316 685 1316 643 1335 634 1341 546 1341 540 1335 518 1319 515 1319 512 1319 461 1319 443 1319 427 1335 418 1341 330 1338 309 1344 279 1347 248 1353 218 1353 221 1420 221 1447 1165 1447 1165 1407 1159 1335 1128 1329"/></Shape>
	    <String CONTENT="Retirez uous ie uous en prie"
                    HPOS="218"
                    VPOS="1313"
                    WIDTH="947"
                    HEIGHT="134"
                    WC="0.9997035137244633"></String>
          </TextLine>

          
          
          <TextLine ID="eSc_line_4edd42c6"
                    TAGREFS="LT7870"
                    BASELINE="233 1511 1220 1499" 
                    HPOS="230"
                    VPOS="1423"
                    WIDTH="990"
                    HEIGHT="145">
            <Shape><Polygon POINTS="233 1511 233 1568 318 1553 379 1568 382 1568 385 1568 388 1568 391 1568 391 1565 394 1565 406 1550 506 1565 509 1565 734 1544 792 1559 798 1562 801 1562 804 1562 807 1562 819 1559 883 1544 934 1556 952 1562 955 1562 959 1562 962 1562 983 1556 1043 1541 1213 1550 1220 1499 1213 1438 1128 1423 1125 1423 230 1441 233 1511"/></Shape>
	    <String CONTENT="Sans a telz gens parlementer"
                    HPOS="230"
                    VPOS="1423"
                    WIDTH="990"
                    HEIGHT="145"
                    WC="0.999249843614442"></String>
          </TextLine>

          
          
          <TextLine ID="eSc_line_f41f8c59"
                    TAGREFS="LT7870"
                    BASELINE="646 1678 959 1671" 
                    HPOS="640"
                    VPOS="1568"
                    WIDTH="319"
                    HEIGHT="155">
            <Shape><Polygon POINTS="646 1678 646 1717 798 1723 801 1723 804 1723 864 1705 867 1705 898 1720 901 1720 904 1720 907 1720 959 1699 959 1671 952 1583 810 1568 807 1568 804 1568 801 1568 801 1571 786 1583 782 1587 773 1583 722 1571 719 1571 716 1571 640 1583 646 1678"/></Shape>
	    <String CONTENT="¶ Tout"
                    HPOS="640"
                    VPOS="1568"
                    WIDTH="319"
                    HEIGHT="155"
                    WC="0.9999968012173971"></String>
          </TextLine>

          
          
          <TextLine ID="eSc_line_b7ac6876"
                    TAGREFS="LT7870"
                    BASELINE="221 1854 1165 1838" 
                    HPOS="218"
                    VPOS="1753"
                    WIDTH="947"
                    HEIGHT="131">
            <Shape><Polygon POINTS="1128 1769 1113 1766 1113 1769 955 1756 946 1756 943 1753 883 1753 880 1753 819 1763 746 1775 707 1766 655 1756 652 1756 649 1756 646 1756 628 1769 616 1778 394 1778 355 1763 352 1763 349 1763 242 1781 218 1805 221 1854 221 1884 1162 1866 1165 1838 1153 1769 1128 1769"/></Shape>
	    <String CONTENT="Oyez ce que cliquet cliqueter"
                    HPOS="218"
                    VPOS="1753"
                    WIDTH="947"
                    HEIGHT="131"
                    WC="0.983147563605473"></String>
          </TextLine>

          
          
          <TextLine ID="eSc_line_49f42632"
                    TAGREFS="LT7870"
                    BASELINE="218 1939 1220 1926" 
                    HPOS="215"
                    VPOS="1854"
                    WIDTH="1005"
                    HEIGHT="127">
            <Shape><Polygon POINTS="218 1939 218 1966 461 1981 464 1981 467 1981 470 1981 488 1966 494 1963 1216 1963 1220 1926 1213 1872 971 1854 968 1854 965 1854 962 1854 962 1857 943 1872 819 1857 816 1857 710 1875 540 1860 537 1860 534 1860 531 1860 506 1875 349 1863 345 1863 342 1863 300 1878 254 1863 251 1863 248 1863 245 1863 242 1863 215 1875 218 1939"/></Shape>
	    <String CONTENT="La fieure uous puisse espouser"
                    HPOS="215"
                    VPOS="1854"
                    WIDTH="1005"
                    HEIGHT="127"></String>
          </TextLine>

          
          
          <TextLine ID="eSc_line_fd355f6c"
                    TAGREFS="LT7870"
                    BASELINE="218 2023 1189 2017" 
                    HPOS="215"
                    VPOS="1942"
                    WIDTH="974"
                    HEIGHT="124">
            <Shape><Polygon POINTS="218 2023 218 2048 446 2048 464 2051 512 2066 515 2066 518 2066 521 2066 525 2066 546 2054 552 2048 843 2042 880 2057 901 2063 904 2063 907 2063 910 2063 925 2057 952 2042 974 2057 980 2063 983 2063 986 2063 989 2063 1186 2057 1189 2017 1183 1960 782 1942 779 1942 776 1942 773 1942 755 1960 215 1960 218 2023"/></Shape>
	    <String CONTENT="Uieille esdentee et ressongnee"
                    HPOS="215"
                    VPOS="1942"
                    WIDTH="974"
                    HEIGHT="124"
                    WC="0.9945728997389476"></String>
          </TextLine>

          
          
          <TextLine ID="eSc_line_c5588273"
                    TAGREFS="LT7870"
                    BASELINE="218 2111 1007 2099" 
                    HPOS="215"
                    VPOS="2023"
                    WIDTH="792"
                    HEIGHT="122">
            <Shape><Polygon POINTS="218 2111 218 2145 1004 2130 1007 2099 1004 2042 937 2023 934 2023 931 2023 843 2039 819 2023 816 2023 813 2023 810 2023 807 2023 770 2042 755 2027 752 2027 749 2027 631 2027 628 2027 625 2027 622 2027 600 2045 421 2030 418 2030 415 2030 367 2048 260 2033 257 2033 254 2033 215 2048 218 2111"/></Shape>
	    <String CONTENT="Faulse fumelle ialousie"
                    HPOS="215"
                    VPOS="2023"
                    WIDTH="792"
                    HEIGHT="122"
                    WC="0.9998780592628147"></String>
          </TextLine>

          
          
          <TextLine ID="eSc_line_9b450ab0"
                    TAGREFS="LT7870"
                    BASELINE="224 2196 1189 2187" 
                    HPOS="221"
                    VPOS="2115"
                    WIDTH="968"
                    HEIGHT="127">
            <Shape><Polygon POINTS="224 2196 224 2242 1189 2236 1189 2187 1183 2127 579 2115 576 2115 573 2115 537 2130 264 2118 260 2118 257 2118 221 2133 224 2196"/></Shape>
	    <String CONTENT="En ton despit ie uoys dancer"
                    HPOS="221"
                    VPOS="2115"
                    WIDTH="968"
                    HEIGHT="127"
                    WC="0.9677569930042539"></String>
          </TextLine>

          
          
          <TextLine ID="eSc_line_70187042"
                    TAGREFS="LT7870"
                    BASELINE="646 2375 1186 2360" 
                    HPOS="643"
                    VPOS="2278"
                    WIDTH="543"
                    HEIGHT="131">
            <Shape><Polygon POINTS="646 2375 646 2409 1186 2397 1186 2360 1177 2297 1071 2297 1028 2278 1025 2278 1022 2278 1019 2278 968 2300 955 2306 846 2306 843 2300 825 2284 825 2281 822 2281 819 2281 749 2281 746 2281 643 2303 646 2375"/></Shape>
	    <String CONTENT="¶ Languissant"
                    HPOS="643"
                    VPOS="2278"
                    WIDTH="543"
                    HEIGHT="131"
                    WC="0.9617086969889127"></String>
          </TextLine>

          
          
          <TextLine ID="eSc_line_d3b6df59"
                    TAGREFS="LT7870"
                    BASELINE="218 2542 1578 2542" 
                    HPOS="218"
                    VPOS="2451"
                    WIDTH="1360"
                    HEIGHT="122">
            <Shape><Polygon POINTS="1553 2485 1523 2460 1493 2457 1462 2457 1432 2454 1402 2451 1371 2451 1301 2451 1298 2451 1295 2451 1292 2451 1292 2454 1274 2470 1244 2451 1241 2451 1238 2451 1235 2451 1232 2451 1153 2473 992 2457 989 2457 916 2473 867 2451 864 2451 861 2451 858 2451 819 2473 816 2476 525 2476 525 2473 503 2454 503 2451 500 2451 497 2451 406 2451 403 2451 400 2451 355 2473 352 2473 349 2473 327 2463 309 2467 279 2473 248 2479 218 2485 218 2542 218 2573 1578 2573 1578 2542 1569 2503 1553 2485"/></Shape>
	    <String CONTENT="Gente de corps droicte comme une souche"
                    HPOS="218"
                    VPOS="2451"
                    WIDTH="1360"
                    HEIGHT="122"></String>
          </TextLine>

          
          
          <TextLine ID="eSc_line_d3107e9f"
                    TAGREFS="LT7870"
                    BASELINE="212 2633 1535 2633" 
                    HPOS="212"
                    VPOS="2551"
                    WIDTH="1323"
                    HEIGHT="128">
            <Shape><Polygon POINTS="212 2633 212 2676 349 2661 455 2676 458 2676 646 2661 770 2676 773 2679 877 2679 877 2676 880 2676 883 2676 883 2673 898 2661 1532 2676 1535 2633 1535 2570 1332 2570 1329 2567 1314 2551 1311 2551 1308 2551 1304 2551 1238 2564 1226 2567 1220 2564 1195 2551 1192 2551 1189 2551 1186 2551 1147 2564 1131 2567 1113 2564 1056 2551 1053 2551 1050 2551 1028 2564 1019 2567 212 2555 212 2633"/></Shape>
	    <String CONTENT="Par despit faicte du puys denfer uenant"
                    HPOS="212"
                    VPOS="2551"
                    WIDTH="1323"
                    HEIGHT="128"
                    WC="0.9951576391855875"></String>
          </TextLine>

          
          
          <TextLine ID="eSc_line_a6bb1fd2"
                    TAGREFS="LT7870"
                    BASELINE="218 2715 1465 2709" 
                    HPOS="215"
                    VPOS="2636"
                    WIDTH="1250"
                    HEIGHT="122">
            <Shape><Polygon POINTS="1220 2636 1216 2636 1159 2652 1107 2636 1104 2636 1101 2636 965 2652 898 2636 895 2636 892 2636 889 2636 831 2655 473 2639 470 2639 467 2639 406 2655 273 2639 270 2639 267 2639 215 2658 218 2715 218 2746 1459 2758 1465 2709 1459 2655 1223 2636 1220 2636"/></Shape>
	    <String CONTENT="Noire/ hideuse/ tres esgueullee bouche"
                    HPOS="215"
                    VPOS="2636"
                    WIDTH="1250"
                    HEIGHT="122"></String>
          </TextLine>

          
          
          <TextLine ID="eSc_line_b6368b6b"
                    TAGREFS="LT7870"
                    BASELINE="221 2797 1496 2803" 
                    HPOS="218"
                    VPOS="2731"
                    WIDTH="1278"
                    HEIGHT="121">
            <Shape><Polygon POINTS="221 2797 218 2849 1490 2852 1496 2803 1490 2731 221 2734 221 2797"/></Shape>
	    <String CONTENT="Donnez ung don au poure languissant"
                    HPOS="218"
                    VPOS="2731"
                    WIDTH="1278"
                    HEIGHT="121"
                    WC="0.9999700375965663"></String>
          </TextLine>

          
          
          <TextLine ID="eSc_line_2b49041f"
                    TAGREFS="LT7870"
                    BASELINE="652 2979 1405 2973" 
                    HPOS="649"
                    VPOS="2855"
                    WIDTH="756"
                    HEIGHT="155">
            <Shape><Polygon POINTS="652 2979 652 3010 1405 3004 1405 2973 1399 2910 1074 2910 1062 2897 1007 2855 1004 2855 1001 2855 852 2855 849 2855 846 2855 843 2855 819 2873 795 2855 792 2855 789 2855 716 2855 713 2855 710 2855 649 2879 652 2979"/></Shape>
	    <String CONTENT="¶ Espoir de paruenir"
                    HPOS="649"
                    VPOS="2855"
                    WIDTH="756"
                    HEIGHT="155"></String>
          </TextLine>

          
          
          <TextLine ID="eSc_line_85692a26"
                    TAGREFS="LT7870"
                    BASELINE="212 3149 1204 3140" 
                    HPOS="209"
                    VPOS="3049"
                    WIDTH="995"
                    HEIGHT="134">
            <Shape><Polygon POINTS="361 3058 330 3064 300 3067 273 3067 260 3076 248 3073 239 3076 209 3076 212 3149 212 3183 1201 3183 1204 3140 1195 3070 1074 3073 1068 3067 1053 3055 1050 3055 1047 3055 1043 3055 986 3067 965 3073 959 3067 937 3052 937 3049 934 3049 931 3049 892 3049 889 3049 886 3049 883 3049 883 3052 867 3067 861 3073 855 3067 837 3052 834 3052 831 3052 828 3052 825 3052 789 3067 767 3076 743 3067 707 3052 704 3052 701 3052 698 3052 664 3067 643 3079 588 3079 576 3067 561 3055 561 3052 558 3052 555 3052 552 3052 482 3067 440 3076 424 3067 406 3055 403 3055 400 3055 391 3055 361 3058"/></Shape>
	    <String CONTENT="Uisaige esgu: face descouloree"
                    HPOS="209"
                    VPOS="3049"
                    WIDTH="995"
                    HEIGHT="134"
                    WC="0.9991403500239054"></String>
          </TextLine>

          
          
          <TextLine ID="eSc_line_f33cb280"
                    TAGREFS="LT7870"
                    BASELINE="212 3234 1459 3234" 
                    HPOS="212"
                    VPOS="3152"
                    WIDTH="1247"
                    HEIGHT="134">
            <Shape><Polygon POINTS="1456 3228 1438 3167 1411 3152 1408 3152 1405 3152 795 3174 776 3158 776 3155 773 3155 770 3155 767 3155 764 3155 719 3170 701 3155 701 3152 698 3152 694 3152 691 3152 688 3152 640 3177 315 3177 273 3155 270 3155 267 3155 264 3155 212 3174 212 3234 212 3271 603 3268 658 3277 698 3283 701 3283 704 3283 725 3277 764 3268 825 3277 858 3283 861 3283 925 3280 1083 3268 1125 3280 1131 3283 1135 3283 1138 3283 1141 3283 1147 3280 1180 3268 1204 3283 1207 3283 1210 3283 1213 3286 1459 3286 1459 3234 1456 3222 1456 3228"/></Shape>
	    <String CONTENT="Corps contrefait par mortel desplaisir"
                    HPOS="212"
                    VPOS="3152"
                    WIDTH="1247"
                    HEIGHT="134"
                    WC="0.9950791362084841"></String>
          </TextLine>

          
          
          <TextLine ID="eSc_line_57499475"
                    TAGREFS="LT7870"
                    BASELINE="212 3319 1262 3319" 
                    HPOS="212"
                    VPOS="3255"
                    WIDTH="1050"
                    HEIGHT="104">
            <Shape><Polygon POINTS="212 3319 212 3350 1259 3359 1262 3319 1262 3265 212 3255 212 3319"/></Shape>
	    <String CONTENT="Encontre dieu et nature formee"
                    HPOS="212"
                    VPOS="3255"
                    WIDTH="1050"
                    HEIGHT="104"
                    WC="0.9995947678883871"></String>
          </TextLine>

          
          
          <TextLine ID="eSc_line_6a0d4f22"
                    TAGREFS="LT7870"
                    BASELINE="209 3407 1168 3407" 
                    HPOS="209"
                    VPOS="3346"
                    WIDTH="959"
                    HEIGHT="131">
            <Shape><Polygon POINTS="209 3407 212 3474 264 3447 291 3471 291 3474 294 3474 297 3474 300 3474 321 3471 376 3459 388 3468 391 3471 391 3474 394 3474 397 3474 400 3477 525 3477 525 3474 528 3474 531 3474 540 3465 549 3459 579 3462 652 3474 655 3474 658 3474 685 3459 713 3447 792 3456 864 3465 867 3465 871 3465 874 3465 886 3453 889 3453 907 3468 910 3468 913 3468 916 3468 919 3468 922 3468 943 3453 946 3450 946 3453 968 3465 971 3465 974 3465 977 3465 980 3465 983 3465 983 3462 995 3450 1001 3447 1168 3447 1168 3407 1168 3350 209 3346 209 3407"/></Shape>
	    <String CONTENT="Resioyssez espoir de paruenir"
                    HPOS="209"
                    VPOS="3346"
                    WIDTH="959"
                    HEIGHT="131"></String>
          </TextLine>

          
          
          <TextLine ID="eSc_line_e21db69a"
                    TAGREFS="LT7870"
                    BASELINE="628 3595 943 3583" 
                    HPOS="622"
                    VPOS="3468"
                    WIDTH="321"
                    HEIGHT="176">
            <Shape><Polygon POINTS="628 3595 628 3644 943 3617 943 3583 934 3507 822 3510 798 3495 746 3468 743 3468 740 3468 622 3483 628 3595"/></Shape>
	    <String CONTENT="¶ Tout"
                    HPOS="622"
                    VPOS="3468"
                    WIDTH="321"
                    HEIGHT="176"></String>
          </TextLine>

          
          
          <TextLine ID="eSc_line_fe82ec8c"
                    TAGREFS="LT7870"
                    BASELINE="206 3759 1344 3759" 
                    HPOS="206"
                    VPOS="3662"
                    WIDTH="1138"
                    HEIGHT="137">
            <Shape><Polygon POINTS="1329 3686 1268 3671 1268 3671 1238 3668 1232 3665 1189 3692 1101 3692 1068 3671 1065 3671 1062 3671 1059 3671 974 3689 934 3665 931 3665 928 3665 925 3665 922 3665 919 3665 889 3686 786 3662 782 3662 591 3680 518 3662 515 3662 512 3662 391 3668 388 3668 385 3668 361 3686 264 3671 254 3671 230 3680 206 3738 206 3759 206 3786 1341 3799 1344 3759 1344 3702 1329 3686"/></Shape>
	    <String CONTENT="Hideux regart uieille descheuellee"
                    HPOS="206"
                    VPOS="3662"
                    WIDTH="1138"
                    HEIGHT="137"></String>
          </TextLine>

          
          
          <TextLine ID="eSc_line_dae69388"
                    TAGREFS="LT7870"
                    BASELINE="215 3841 1429 3850" 
                    HPOS="212"
                    VPOS="3771"
                    WIDTH="1217"
                    HEIGHT="103">
            <Shape><Polygon POINTS="1420 3771 215 3771 215 3841 212 3874 1426 3874 1429 3850 1426 3777 1420 3771"/></Shape>
	    <String CONTENT="En fier aguet ayant son cueur donne"
                    HPOS="212"
                    VPOS="3771"
                    WIDTH="1217"
                    HEIGHT="103"
                    WC="0.9901393345424108"></String>
          </TextLine>

          
          
          <TextLine ID="eSc_line_69cff362"
                    TAGREFS="LT7870"
                    BASELINE="212 3929 1444 3935" 
                    HPOS="209"
                    VPOS="3868"
                    WIDTH="1235"
                    HEIGHT="94">
            <Shape><Polygon POINTS="212 3929 209 3962 1441 3959 1444 3935 1441 3874 212 3868 212 3929"/></Shape>
	    <String CONTENT="Soubz male bouche pieca endoctrinee"
                    HPOS="209"
                    VPOS="3868"
                    WIDTH="1235"
                    HEIGHT="94"
                    WC="0.9986389211245945"></String>
          </TextLine>

          
          
          <TextLine ID="eSc_line_f649ae98"
                    TAGREFS="LT7870"
                    BASELINE="212 4020 1438 4020" 
                    HPOS="212"
                    VPOS="3944"
                    WIDTH="1226"
                    HEIGHT="137">
            <Shape><Polygon POINTS="1429 3959 634 3944 631 3944 518 3959 503 3947 503 3944 500 3944 497 3944 382 3944 379 3944 376 3944 333 3959 260 3944 257 3944 254 3944 233 3953 212 4005 212 4020 215 4078 282 4054 440 4054 494 4078 497 4078 500 4081 585 4081 585 4078 588 4078 591 4078 591 4075 616 4054 764 4054 789 4075 789 4078 792 4078 795 4078 798 4078 801 4078 874 4054 998 4054 1013 4069 1013 4072 1016 4072 1019 4072 1022 4072 1025 4072 1077 4054 1141 4078 1144 4078 1147 4081 1335 4081 1335 4078 1338 4078 1341 4078 1365 4057 1432 4078 1438 4020 1438 3993 1429 3959"/></Shape>
	    <String CONTENT="Noublies point le poure habandonne"
                    HPOS="212"
                    VPOS="3944"
                    WIDTH="1226"
                    HEIGHT="137"></String>
          </TextLine>

          
          
          <TextLine ID="eSc_line_f47f3e96"
                    TAGREFS="LT7870"
                    BASELINE="646 4199 989 4193" 
                    HPOS="640"
                    VPOS="4099"
                    WIDTH="349"
                    HEIGHT="146">
            <Shape><Polygon POINTS="646 4199 646 4230 792 4245 795 4245 989 4220 989 4193 980 4099 640 4108 646 4199"/></Shape>
	    <String CONTENT="¶ Le sot"
                    HPOS="640"
                    VPOS="4099"
                    WIDTH="349"
                    HEIGHT="146"
                    WC="0.9390336200594902"></String>
          </TextLine>

          
          
          <TextLine ID="eSc_line_f2b7a631"
                    TAGREFS="LT7870"
                    BASELINE="203 4363 1617 4369" 
                    HPOS="200"
                    VPOS="4272"
                    WIDTH="1417"
                    HEIGHT="130">
            <Shape><Polygon POINTS="1508 4287 1477 4284 1447 4281 1417 4281 1386 4278 1356 4275 1326 4275 1292 4275 1289 4275 1286 4275 1247 4296 1244 4299 1031 4299 1025 4296 998 4275 995 4275 992 4275 989 4275 986 4275 983 4275 952 4296 949 4296 943 4296 889 4278 886 4278 883 4278 804 4293 758 4272 755 4272 752 4272 749 4272 710 4293 667 4272 664 4272 661 4272 658 4272 610 4287 452 4272 446 4275 415 4278 385 4284 355 4287 324 4290 294 4293 264 4299 233 4302 203 4305 203 4363 200 4402 1614 4396 1617 4369 1614 4299 1541 4299 1541 4296 1529 4287 1508 4287"/></Shape>
	    <String CONTENT="Uieille soillarde de mauluais penser plaine"
                    HPOS="200"
                    VPOS="4272"
                    WIDTH="1417"
                    HEIGHT="130"
                    WC="0.9996270717576493"></String>
          </TextLine>

          
          
          <TextLine ID="eSc_line_e355df47"
                    TAGREFS="LT7870"
                    BASELINE="212 4448 1444 4454" 
                    HPOS="209"
                    VPOS="4390"
                    WIDTH="1235"
                    HEIGHT="104">
            <Shape><Polygon POINTS="212 4448 209 4494 1441 4494 1444 4454 1441 4396 212 4390 212 4448"/></Shape>
	    <String CONTENT="Songe malice pour tout contrepenser"
                    HPOS="209"
                    VPOS="4390"
                    WIDTH="1235"
                    HEIGHT="104"
                    WC="0.9880163192749023"></String>
          </TextLine>

          
          
          <TextLine ID="eSc_line_b05c23fd"
                    TAGREFS="LT7870"
                    BASELINE="212 4536 1559 4545" 
                    HPOS="209"
                    VPOS="4475"
                    WIDTH="1350"
                    HEIGHT="107">
            <Shape><Polygon POINTS="212 4536 209 4578 1553 4582 1559 4545 1556 4484 212 4475 212 4536"/></Shape>
	    <String CONTENT="Sote/ bigote/ aux urays amans greuaine"
                    HPOS="209"
                    VPOS="4475"
                    WIDTH="1350"
                    HEIGHT="107"></String>
          </TextLine>

          
          
          <TextLine ID="eSc_line_c4c6f298"
                    TAGREFS="LT7870"
                    BASELINE="218 4621 1186 4624" 
                    HPOS="215"
                    VPOS="4563"
                    WIDTH="971"
                    HEIGHT="143">
            <Shape><Polygon POINTS="218 4621 215 4691 430 4679 503 4688 573 4697 576 4697 579 4697 606 4685 628 4676 664 4685 685 4688 688 4688 691 4688 710 4682 746 4673 761 4682 798 4703 801 4703 804 4703 807 4706 965 4706 965 4703 968 4703 1025 4676 1028 4673 1031 4676 1077 4703 1080 4703 1083 4703 1086 4703 1089 4703 1183 4670 1186 4624 1183 4566 218 4563 218 4621"/></Shape>
	    <String CONTENT="Radotee/ noubliez sot penser"
                    HPOS="215"
                    VPOS="4563"
                    WIDTH="971"
                    HEIGHT="143"></String>
          </TextLine>

          
        </TextBlock>
        
        <TextBlock HPOS="1748"
                   VPOS="376"
                   WIDTH="1256"
                   HEIGHT="4221"
                   ID="eSc_textblock_32098c6d"
                   TAGREFS="BT20810">
          <Shape><Polygon POINTS="2312 376 2725 412 2701 543 2810 582 2846 931 2943 1019 2895 2618 2603 2864 2858 2913 2870 3116 3004 3216 2992 3298 2870 3374 2858 3468 2785 3483 2907 3544 2931 3641 2919 4050 2603 4102 2688 4151 2688 4220 2640 4248 2701 4333 2688 4415 2579 4490 2543 4585 2433 4597 2206 4585 2166 4512 2112 4512 2133 4454 2097 4439 1748 4402 1784 4272 2051 4257 1772 4220 1796 4138 2194 4111 2154 4075 1760 4050 1796 594 1833 558 2239 546 2230 436 2312 376"/></Shape>
          
          
          <TextLine ID="eSc_line_3e241e29"
                    TAGREFS="LT7870"
                    BASELINE="2263 473 2697 461" 
                    HPOS="2260"
                    VPOS="376"
                    WIDTH="437"
                    HEIGHT="130">
            <Shape><Polygon POINTS="2685 406 2655 406 2625 403 2594 400 2564 397 2534 394 2503 391 2473 388 2443 385 2412 385 2382 382 2352 379 2333 376 2288 388 2260 409 2263 473 2263 506 2697 497 2697 461 2688 406 2685 406"/></Shape>
	    <String CONTENT="¶ Ialousie"
                    HPOS="2260"
                    VPOS="376"
                    WIDTH="437"
                    HEIGHT="130"></String>
          </TextLine>

          
          
          <TextLine ID="eSc_line_6bd28587"
                    TAGREFS="LT7870"
                    BASELINE="1814 637 2789 637" 
                    HPOS="1814"
                    VPOS="543"
                    WIDTH="975"
                    HEIGHT="133">
            <Shape><Polygon POINTS="2785 573 2755 561 2725 552 2722 546 2704 543 2701 543 2697 543 2603 564 2600 567 2433 567 2430 564 2373 543 2370 543 2367 543 2364 543 2361 543 2333 564 2330 564 2324 564 2239 543 2236 543 2209 543 2209 546 2179 546 2148 546 2118 549 2100 549 2087 561 2084 564 2078 561 2045 549 2027 552 1996 552 1966 552 1936 552 1905 555 1881 555 1836 558 1814 573 1814 637 1814 676 2789 676 2789 637 2789 573 2785 573"/></Shape>
	    <String CONTENT="Noz amys uous uous abusez"
                    HPOS="1814"
                    VPOS="543"
                    WIDTH="975"
                    HEIGHT="133"
                    WC="0.9817910552024841"></String>
          </TextLine>

          
          
          <TextLine ID="eSc_line_72cd5c16"
                    TAGREFS="LT7870"
                    BASELINE="1805 725 2795 719" 
                    HPOS="1802"
                    VPOS="646"
                    WIDTH="993"
                    HEIGHT="106">
            <Shape><Polygon POINTS="1805 725 1805 749 2789 752 2795 719 2789 667 2597 667 2594 664 2570 646 2567 646 2564 646 2561 646 2558 646 2515 661 2509 664 1802 655 1805 725"/></Shape>
	    <String CONTENT="Dentendre lamoureuse grace"
                    HPOS="1802"
                    VPOS="646"
                    WIDTH="993"
                    HEIGHT="106"
                    WC="0.9890079383666699"></String>
          </TextLine>

          
          
          <TextLine ID="eSc_line_d7b12fb7"
                    TAGREFS="LT7870"
                    BASELINE="1811 804 2831 810" 
                    HPOS="1808"
                    VPOS="731"
                    WIDTH="1023"
                    HEIGHT="109">
            <Shape><Polygon POINTS="2825 749 2348 749 2345 746 2327 731 2324 731 2321 731 2318 731 1811 740 1811 804 1808 834 2825 840 2831 810 2828 767 2825 749"/></Shape>
	    <String CONTENT="Car quant ialousie est en place"
                    HPOS="1808"
                    VPOS="731"
                    WIDTH="1023"
                    HEIGHT="109"></String>
          </TextLine>

          
          
          <TextLine ID="eSc_line_cc40be81"
                    TAGREFS="LT7870"
                    BASELINE="1802 895 2810 901" 
                    HPOS="1799"
                    VPOS="816"
                    WIDTH="1011"
                    HEIGHT="130">
            <Shape><Polygon POINTS="1802 895 1799 937 2804 946 2810 901 2810 840 2761 822 2758 822 2755 822 2752 822 2710 837 2707 837 2685 837 2518 822 2515 822 2512 822 2482 831 2458 837 2427 831 2394 822 2391 822 2388 822 2358 828 2318 837 2282 825 2257 819 2254 819 2251 819 2154 822 1945 834 1802 816 1802 895"/></Shape>
	    <String CONTENT="Prins y sont les plus fort rusez"
                    HPOS="1799"
                    VPOS="816"
                    WIDTH="1011"
                    HEIGHT="130"
                    WC="0.9868293553590775"></String>
          </TextLine>

          
          
          <TextLine ID="eSc_line_83c98ee9"
                    TAGREFS="LT7870"
                    BASELINE="1802 1065 2931 1077" 
                    HPOS="1799"
                    VPOS="971"
                    WIDTH="1132"
                    HEIGHT="142">
            <Shape><Polygon POINTS="2925 1004 2910 992 2521 998 2488 983 2473 974 2470 974 2467 974 2394 980 2306 989 2239 977 2197 971 2194 971 2191 971 2179 977 2145 992 2115 974 2106 971 2103 971 1802 971 1802 1065 1799 1089 1863 1107 1866 1107 1869 1107 2009 1095 2012 1095 2018 1095 2121 1110 2124 1113 2928 1113 2931 1077 2928 1007 2925 1004"/></Shape>
	    <String CONTENT="Mais il fault que ie uous contente"
                    HPOS="1799"
                    VPOS="971"
                    WIDTH="1132"
                    HEIGHT="142"
                    WC="0.9938250920351814"></String>
          </TextLine>

          
          
          <TextLine ID="eSc_line_599f5239"
                    TAGREFS="LT7870"
                    BASELINE="1802 1153 2631 1147" 
                    HPOS="1799"
                    VPOS="1089"
                    WIDTH="832"
                    HEIGHT="100">
            <Shape><Polygon POINTS="1802 1153 1802 1189 2628 1180 2631 1147 2625 1092 1799 1089 1802 1153"/></Shape>
	    <String CONTENT="Tenez espoir de paruenir"
                    HPOS="1799"
                    VPOS="1089"
                    WIDTH="832"
                    HEIGHT="100"></String>
          </TextLine>

          
          
          <TextLine ID="eSc_line_ce959dfc"
                    TAGREFS="LT7870"
                    BASELINE="1805 1238 2886 1247" 
                    HPOS="1802"
                    VPOS="1165"
                    WIDTH="1084"
                    HEIGHT="109">
            <Shape><Polygon POINTS="1805 1238 1802 1274 2883 1274 2886 1247 2883 1183 2570 1183 2564 1180 2528 1165 2524 1165 2521 1165 1805 1171 1805 1238"/></Shape>
	    <String CONTENT="Se blant bouquet est fort attente"
                    HPOS="1802"
                    VPOS="1165"
                    WIDTH="1084"
                    HEIGHT="109"
                    WC="0.9901095393932227"></String>
          </TextLine>

          
          
          <TextLine ID="eSc_line_df6cafd5"
                    TAGREFS="LT7870"
                    BASELINE="1799 1323 2676 1329" 
                    HPOS="1796"
                    VPOS="1250"
                    WIDTH="880"
                    HEIGHT="127">
            <Shape><Polygon POINTS="1799 1323 1796 1371 2670 1377 2676 1329 2676 1271 2631 1253 2628 1253 2625 1253 2534 1268 2500 1253 2497 1253 2494 1253 2491 1253 2461 1268 2427 1253 2424 1253 2421 1253 2327 1268 2315 1268 2121 1268 2118 1265 2097 1250 2094 1250 2091 1250 2087 1250 2084 1250 2054 1265 1799 1265 1799 1323"/></Shape>
	    <String CONTENT="Pour paruenir assez faillir"
                    HPOS="1796"
                    VPOS="1250"
                    WIDTH="880"
                    HEIGHT="127"></String>
          </TextLine>

          
          
          <TextLine ID="eSc_line_27305f1e"
                    TAGREFS="LT7870"
                    BASELINE="1796 1502 2901 1508" 
                    HPOS="1793"
                    VPOS="1414"
                    WIDTH="1108"
                    HEIGHT="121">
            <Shape><Polygon POINTS="1796 1502 1793 1535 2898 1535 2901 1508 2901 1441 2600 1441 2597 1438 2555 1417 2552 1417 2549 1417 2385 1435 2348 1438 2273 1435 2260 1435 2242 1417 2242 1414 2239 1414 2236 1414 2233 1414 2230 1414 2163 1432 2142 1414 2139 1414 2136 1414 2024 1414 2021 1414 2018 1414 2015 1414 1993 1432 1987 1438 1921 1438 1918 1432 1899 1417 1899 1414 1896 1414 1893 1414 1890 1414 1796 1429 1796 1502"/></Shape>
	    <String CONTENT="Languissant aymant sans partie"
                    HPOS="1793"
                    VPOS="1414"
                    WIDTH="1108"
                    HEIGHT="121"></String>
          </TextLine>

          
          
          <TextLine ID="eSc_line_9672fc6e"
                    TAGREFS="LT7870"
                    BASELINE="1796 1590 2764 1590" 
                    HPOS="1796"
                    VPOS="1517"
                    WIDTH="968"
                    HEIGHT="112">
            <Shape><Polygon POINTS="1796 1590 1796 1623 2761 1629 2764 1590 2764 1532 2719 1517 2716 1517 2713 1517 2710 1517 2707 1517 2707 1520 2691 1532 2118 1517 2115 1517 2030 1532 1845 1517 1842 1517 1839 1517 1796 1532 1796 1590"/></Shape>
	    <String CONTENT="Nest pas damour ioyr certain"
                    HPOS="1796"
                    VPOS="1517"
                    WIDTH="968"
                    HEIGHT="112"></String>
          </TextLine>

          
          
          <TextLine ID="eSc_line_832a1554"
                    TAGREFS="LT7870"
                    BASELINE="1796 1671 2919 1681" 
                    HPOS="1793"
                    VPOS="1602"
                    WIDTH="1126"
                    HEIGHT="124">
            <Shape><Polygon POINTS="1796 1671 1793 1699 2913 1726 2919 1681 2913 1605 2637 1617 2546 1602 2534 1602 1796 1602 1796 1671"/></Shape>
	    <String CONTENT="Bouquet blanc tenez ie uous prye"
                    HPOS="1793"
                    VPOS="1602"
                    WIDTH="1126"
                    HEIGHT="124"></String>
          </TextLine>

          
          
          <TextLine ID="eSc_line_675b0e30"
                    TAGREFS="LT7870"
                    BASELINE="1796 1756 2764 1766" 
                    HPOS="1793"
                    VPOS="1684"
                    WIDTH="971"
                    HEIGHT="139">
            <Shape><Polygon POINTS="1796 1756 1793 1802 2758 1823 2764 1766 2761 1708 2646 1690 2643 1690 2640 1690 2582 1705 2576 1705 2570 1705 2491 1690 2488 1690 2273 1702 2251 1702 2239 1702 2118 1684 2115 1684 2112 1684 2060 1699 2039 1684 2036 1684 2033 1684 2030 1684 1796 1696 1796 1756"/></Shape>
	    <String CONTENT="Ou est escript traueil en uain"
                    HPOS="1793"
                    VPOS="1684"
                    WIDTH="971"
                    HEIGHT="139"
                    WC="0.9822402397791544"></String>
          </TextLine>

          
          
          <TextLine ID="eSc_line_74960786"
                    TAGREFS="LT7870"
                    BASELINE="1793 1929 2889 1939" 
                    HPOS="1790"
                    VPOS="1841"
                    WIDTH="1099"
                    HEIGHT="137">
            <Shape><Polygon POINTS="1793 1929 1790 1960 2883 1978 2889 1939 2889 1875 2631 1875 2609 1866 2564 1847 2561 1847 2558 1847 2555 1847 2552 1847 2534 1863 2524 1869 2515 1863 2500 1847 2500 1844 2497 1844 2494 1844 2300 1844 2297 1844 2294 1844 2291 1844 2279 1854 2260 1872 2188 1872 2160 1851 2148 1841 2145 1841 2142 1841 2139 1841 2136 1841 2115 1851 2084 1863 2045 1847 2030 1841 2027 1841 2024 1841 2021 1841 2018 1841 2012 1847 1987 1869 1890 1869 1863 1844 1863 1841 1860 1841 1857 1841 1793 1841 1793 1929"/></Shape>
	    <String CONTENT="Quant a uous tout habandonne"
                    HPOS="1790"
                    VPOS="1841"
                    WIDTH="1099"
                    HEIGHT="137"
                    WC="0.9916429264204842"></String>
          </TextLine>

          
          
          <TextLine ID="eSc_line_9e910c22"
                    TAGREFS="LT7870"
                    BASELINE="1796 2014 2661 2023" 
                    HPOS="1793"
                    VPOS="1948"
                    WIDTH="868"
                    HEIGHT="112">
            <Shape><Polygon POINTS="1796 2014 1793 2051 2655 2060 2661 2023 2658 1966 1796 1948 1796 2014"/></Shape>
	    <String CONTENT="A amour uain auez tendu"
                    HPOS="1793"
                    VPOS="1948"
                    WIDTH="868"
                    HEIGHT="112"
                    WC="0.979313295820485"></String>
          </TextLine>

          
          
          <TextLine ID="eSc_line_6d7095a7"
                    TAGREFS="LT7870"
                    BASELINE="1793 2105 2889 2111" 
                    HPOS="1790"
                    VPOS="2045"
                    WIDTH="1099"
                    HEIGHT="97">
            <Shape><Polygon POINTS="1793 2105 1790 2142 2886 2142 2889 2111 2886 2048 1793 2045 1793 2105"/></Shape>
	    <String CONTENT="Quoy quayez pour amour donne"
                    HPOS="1790"
                    VPOS="2045"
                    WIDTH="1099"
                    HEIGHT="97"
                    WC="0.999625855258533"></String>
          </TextLine>

          
          
          <TextLine ID="eSc_line_69db7c1c"
                    TAGREFS="LT7870"
                    BASELINE="1793 2196 2892 2203" 
                    HPOS="1790"
                    VPOS="2136"
                    WIDTH="1102"
                    HEIGHT="109">
            <Shape><Polygon POINTS="1793 2196 1790 2245 2889 2245 2892 2203 2892 2136 1793 2136 1793 2196"/></Shape>
	    <String CONTENT="Si naurez uous que temps perdu"
                    HPOS="1790"
                    VPOS="2136"
                    WIDTH="1102"
                    HEIGHT="109"
                    WC="0.9996170143286387"></String>
          </TextLine>

          
          
          <TextLine ID="eSc_line_069905c5"
                    TAGREFS="LT7870"
                    BASELINE="1796 2366 2819 2375" 
                    HPOS="1793"
                    VPOS="2272"
                    WIDTH="1026"
                    HEIGHT="137">
            <Shape><Polygon POINTS="1796 2366 1793 2406 2813 2409 2819 2375 2816 2294 2746 2278 2743 2278 2740 2278 2737 2278 2722 2291 2707 2306 2479 2306 2388 2284 2327 2275 2324 2275 2321 2275 2318 2275 2318 2278 2309 2284 2294 2303 2245 2303 2218 2284 2206 2275 2203 2275 2200 2275 2091 2272 2087 2272 2084 2272 2081 2272 2069 2281 2045 2300 1975 2300 1911 2278 1887 2272 1884 2272 1881 2272 1796 2275 1796 2366"/></Shape>
	    <String CONTENT="Fol penser pour sa recompense"
                    HPOS="1793"
                    VPOS="2272"
                    WIDTH="1026"
                    HEIGHT="137"
                    WC="0.9998811935556347"></String>
          </TextLine>

          
          
          <TextLine ID="eSc_line_04bf6fb7"
                    TAGREFS="LT7870"
                    BASELINE="1796 2454 2837 2454" 
                    HPOS="1796"
                    VPOS="2397"
                    WIDTH="1041"
                    HEIGHT="94">
            <Shape><Polygon POINTS="1796 2454 1796 2491 2837 2482 2837 2454 2837 2400 1796 2397 1796 2454"/></Shape>
	    <String CONTENT="Fault souuent a lung paruenir"
                    HPOS="1796"
                    VPOS="2397"
                    WIDTH="1041"
                    HEIGHT="94"
                    WC="0.9984532759107393"></String>
          </TextLine>

          
          
          <TextLine ID="eSc_line_f3a6db40"
                    TAGREFS="LT7870"
                    BASELINE="1793 2539 2880 2548" 
                    HPOS="1790"
                    VPOS="2476"
                    WIDTH="1090"
                    HEIGHT="118">
            <Shape><Polygon POINTS="1793 2539 1790 2567 1854 2588 1857 2588 1860 2588 1863 2588 1908 2570 1911 2570 1914 2570 1936 2585 1939 2585 1942 2585 1945 2585 2027 2573 2063 2570 2094 2576 2139 2585 2142 2585 2279 2579 2412 2576 2433 2585 2452 2591 2455 2591 2458 2591 2509 2585 2603 2576 2655 2591 2670 2594 2673 2594 2676 2594 2679 2594 2685 2591 2716 2576 2874 2594 2880 2548 2880 2485 1793 2476 1793 2539"/></Shape>
	    <String CONTENT="Moultremant de ce que cel pense"
                    HPOS="1790"
                    VPOS="2476"
                    WIDTH="1090"
                    HEIGHT="118"
                    WC="0.9930846941086554"></String>
          </TextLine>

          
          
          <TextLine ID="eSc_line_b02ef9a8"
                    TAGREFS="LT7870"
                    BASELINE="1790 2630 2764 2636" 
                    HPOS="1787"
                    VPOS="2558"
                    WIDTH="977"
                    HEIGHT="136">
            <Shape><Polygon POINTS="1790 2630 1787 2685 2688 2679 2704 2691 2704 2694 2707 2694 2710 2694 2713 2694 2716 2694 2761 2676 2764 2636 2761 2573 1790 2558 1790 2630"/></Shape>
	    <String CONTENT="Tien: prens laler pour le uenir"
                    HPOS="1787"
                    VPOS="2558"
                    WIDTH="977"
                    HEIGHT="136"></String>
          </TextLine>

          
          
          <TextLine ID="eSc_line_48741582"
                    TAGREFS="LT7870"
                    BASELINE="2218 2818 2558 2809" 
                    HPOS="2215"
                    VPOS="2700"
                    WIDTH="343"
                    HEIGHT="161">
            <Shape><Polygon POINTS="2218 2818 2218 2861 2558 2843 2558 2809 2552 2721 2440 2700 2436 2700 2370 2703 2367 2703 2364 2703 2364 2706 2342 2724 2282 2706 2279 2706 2276 2706 2273 2706 2215 2724 2218 2818"/></Shape>
	    <String CONTENT="¶ Le sot"
                    HPOS="2215"
                    VPOS="2700"
                    WIDTH="343"
                    HEIGHT="161"
                    WC="0.9999914914369583"></String>
          </TextLine>

          
          
          <TextLine ID="eSc_line_d0dcba03"
                    TAGREFS="LT7870"
                    BASELINE="1787 2979 2858 2988" 
                    HPOS="1784"
                    VPOS="2870"
                    WIDTH="1074"
                    HEIGHT="161">
            <Shape><Polygon POINTS="2849 2910 2834 2906 2688 2906 2682 2900 2661 2882 2661 2879 2658 2879 2655 2879 2652 2879 2649 2879 2603 2897 2582 2903 2440 2903 2421 2891 2400 2876 2397 2876 2394 2876 2391 2876 2330 2888 2291 2894 2279 2885 2273 2879 2270 2879 2267 2879 2263 2879 2260 2879 2248 2885 2215 2900 2166 2882 2145 2873 2142 2873 2139 2873 2136 2873 2133 2873 2133 2876 2127 2879 2109 2897 2063 2879 2051 2873 2048 2873 1930 2873 1927 2873 1924 2873 1881 2897 1863 2879 1863 2876 1860 2876 1857 2876 1787 2870 1787 2979 1784 3010 2075 3010 2078 3013 2091 3022 2091 3025 2094 3025 2097 3025 2100 3025 2103 3025 2106 3025 2121 3013 2127 3010 2145 3013 2248 3028 2251 3028 2254 3028 2257 3028 2273 3013 2276 3013 2412 3013 2430 3016 2506 3031 2509 3031 2512 3031 2515 3031 2534 3016 2543 3016 2616 3031 2619 3031 2855 3019 2858 2988 2858 2919 2849 2910"/></Shape>
	    <String CONTENT="Saint anthoine uous puist bruir"
                    HPOS="1784"
                    VPOS="2870"
                    WIDTH="1074"
                    HEIGHT="161"></String>
          </TextLine>

          
          
          <TextLine ID="eSc_line_8f7b7960"
                    TAGREFS="LT7870"
                    BASELINE="1781 3064 2713 3070" 
                    HPOS="1778"
                    VPOS="2994"
                    WIDTH="935"
                    HEIGHT="104">
            <Shape><Polygon POINTS="1781 3064 1778 3092 2707 3098 2713 3070 2713 3013 2558 2994 2555 2994 1781 3004 1781 3064"/></Shape>
	    <String CONTENT="Mesgre ioue: plate personne"
                    HPOS="1778"
                    VPOS="2994"
                    WIDTH="935"
                    HEIGHT="104"
                    WC="0.9975134244671574"></String>
          </TextLine>

          
          
          <TextLine ID="eSc_line_4c65f61c"
                    TAGREFS="LT7870"
                    BASELINE="1790 3149 2755 3155" 
                    HPOS="1787"
                    VPOS="3076"
                    WIDTH="968"
                    HEIGHT="119">
            <Shape><Polygon POINTS="1790 3149 1787 3174 1869 3195 1872 3195 2018 3180 2069 3195 2072 3195 2075 3195 2221 3183 2254 3180 2270 3183 2315 3195 2318 3195 2321 3195 2752 3189 2755 3155 2752 3092 1790 3076 1790 3149"/></Shape>
	    <String CONTENT="Esse tout pour nous resiouyr"
                    HPOS="1787"
                    VPOS="3076"
                    WIDTH="968"
                    HEIGHT="119"></String>
          </TextLine>

          
          
          <TextLine ID="eSc_line_ceb8abe4"
                    TAGREFS="LT7870"
                    BASELINE="1793 3240 2986 3252" 
                    HPOS="1790"
                    VPOS="3158"
                    WIDTH="1196"
                    HEIGHT="146">
            <Shape><Polygon POINTS="2977 3198 2962 3186 2834 3170 2831 3170 2591 3177 2394 3183 2309 3170 2267 3164 2263 3164 2218 3167 2097 3180 2072 3164 2069 3161 2066 3161 2063 3161 2060 3161 2030 3164 1881 3177 1793 3158 1793 3240 1790 3283 1860 3295 1863 3295 1924 3286 1972 3277 2045 3286 2157 3298 2160 3298 2163 3298 2166 3298 2179 3286 2188 3280 2218 3286 2276 3295 2279 3295 2342 3286 2388 3280 2433 3286 2521 3298 2524 3298 2528 3298 2558 3286 2564 3283 2573 3286 2609 3301 2613 3301 2616 3301 2619 3301 2667 3286 2682 3283 2688 3286 2722 3304 2725 3304 2728 3304 2983 3286 2986 3252 2986 3204 2977 3198"/></Shape>
	    <String CONTENT="Iamais ny alons: mot on nen sonne"
                    HPOS="1790"
                    VPOS="3158"
                    WIDTH="1196"
                    HEIGHT="146"
                    WC="0.9949428800380591"></String>
          </TextLine>

          
          
          <TextLine ID="eSc_line_160bdf97"
                    TAGREFS="LT7870"
                    BASELINE="2221 3422 2764 3422" 
                    HPOS="2221"
                    VPOS="3319"
                    WIDTH="543"
                    HEIGHT="161">
            <Shape><Polygon POINTS="2221 3422 2221 3456 2267 3480 2270 3480 2273 3480 2276 3480 2339 3456 2427 3456 2452 3477 2452 3480 2455 3480 2458 3480 2461 3480 2540 3465 2682 3480 2685 3480 2688 3480 2764 3453 2764 3422 2761 3334 2646 3346 2616 3334 2594 3328 2591 3328 2588 3328 2543 3337 2500 3346 2488 3337 2476 3328 2473 3328 2470 3328 2467 3328 2464 3328 2421 3340 2394 3346 2385 3340 2355 3319 2352 3319 2348 3319 2257 3319 2254 3319 2251 3319 2248 3319 2221 3337 2221 3422"/></Shape>
	    <String CONTENT="¶ Languissant"
                    HPOS="2221"
                    VPOS="3319"
                    WIDTH="543"
                    HEIGHT="161"
                    WC="0.9999923706054688"></String>
          </TextLine>

          
          
          <TextLine ID="eSc_line_2015d13a"
                    TAGREFS="LT7870"
                    BASELINE="1784 3586 2849 3595" 
                    HPOS="1781"
                    VPOS="3489"
                    WIDTH="1068"
                    HEIGHT="143">
            <Shape><Polygon POINTS="2822 3501 2792 3522 2421 3519 2367 3498 2364 3498 2361 3498 2358 3498 2355 3498 2355 3501 2330 3522 2279 3522 2245 3498 2239 3492 2236 3492 2233 3492 2230 3492 2227 3492 2209 3498 2185 3507 2160 3498 2139 3489 2136 3489 2018 3489 2015 3489 2012 3489 1984 3498 1942 3513 1784 3501 1784 3586 1781 3610 1921 3629 1924 3629 2112 3617 2133 3632 2136 3632 2139 3632 2142 3632 2846 3620 2849 3595 2837 3507 2822 3501"/></Shape>
	    <String CONTENT="Et quesse cy mes beaulx amans"
                    HPOS="1781"
                    VPOS="3489"
                    WIDTH="1068"
                    HEIGHT="143"
                    WC="0.9954146989460649"></String>
          </TextLine>

          
          
          <TextLine ID="eSc_line_010b0a20"
                    TAGREFS="LT7870"
                    BASELINE="1775 3671 2913 3683" 
                    HPOS="1772"
                    VPOS="3607"
                    WIDTH="1141"
                    HEIGHT="116">
            <Shape><Polygon POINTS="1775 3671 1772 3695 1875 3714 1878 3714 2006 3702 2033 3702 2907 3723 2913 3683 2913 3607 1775 3607 1775 3671"/></Shape>
	    <String CONTENT="Regardons se meschans conquestz"
                    HPOS="1772"
                    VPOS="3607"
                    WIDTH="1141"
                    HEIGHT="116"
                    WC="0.9836550047320705"></String>
          </TextLine>

          
          
          <TextLine ID="eSc_line_7c3ce7e4"
                    TAGREFS="LT7870"
                    BASELINE="1784 3756 2880 3768" 
                    HPOS="1781"
                    VPOS="3683"
                    WIDTH="1099"
                    HEIGHT="125">
            <Shape><Polygon POINTS="1784 3756 1781 3780 1918 3802 1921 3802 2012 3786 2024 3786 2027 3790 2051 3805 2054 3805 2057 3805 2060 3805 2245 3793 2324 3790 2336 3796 2355 3808 2358 3808 2361 3808 2364 3808 2367 3808 2403 3799 2424 3793 2874 3808 2880 3768 2877 3711 2643 3711 2637 3708 2609 3689 2606 3689 2603 3689 2600 3689 2382 3705 2352 3705 2339 3689 2336 3689 2336 3686 2333 3686 2330 3686 2327 3686 2324 3686 2279 3702 2206 3686 2203 3686 2200 3686 2197 3686 2197 3689 2182 3702 2182 3705 2078 3705 2075 3702 2057 3683 2054 3683 2051 3683 2048 3683 1784 3695 1784 3756"/></Shape>
	    <String CONTENT="Entendons les ditz des bouquetz"
                    HPOS="1781"
                    VPOS="3683"
                    WIDTH="1099"
                    HEIGHT="125"></String>
          </TextLine>

          
          
          <TextLine ID="eSc_line_c435a991"
                    TAGREFS="LT7870"
                    BASELINE="1778 3844 2755 3850" 
                    HPOS="1775"
                    VPOS="3777"
                    WIDTH="980"
                    HEIGHT="110">
            <Shape><Polygon POINTS="1778 3844 1775 3884 2749 3887 2755 3850 2752 3793 1778 3777 1778 3844"/></Shape>
	    <String CONTENT="Lisons quoy/ a peu de caquetz"
                    HPOS="1775"
                    VPOS="3777"
                    WIDTH="980"
                    HEIGHT="110"
                    WC="0.991612249407275"></String>
          </TextLine>

          
          
          <TextLine ID="eSc_line_3cd6551d"
                    TAGREFS="LT7870"
                    BASELINE="1781 3932 2852 3938" 
                    HPOS="1778"
                    VPOS="3874"
                    WIDTH="1074"
                    HEIGHT="107">
            <Shape><Polygon POINTS="1781 3932 1778 3956 1963 3978 1966 3978 2309 3966 2330 3981 2333 3981 2336 3981 2339 3981 2342 3981 2376 3966 2479 3981 2482 3981 2849 3962 2852 3938 2849 3878 1781 3874 1781 3932"/></Shape>
	    <String CONTENT="Entre nous poures languissans"
                    HPOS="1778"
                    VPOS="3874"
                    WIDTH="1074"
                    HEIGHT="107"></String>
          </TextLine>

          
          
          <TextLine ID="eSc_line_a1758327"
                    TAGREFS="LT7870"
                    BASELINE="1781 4026 2907 4026" 
                    HPOS="1781"
                    VPOS="3959"
                    WIDTH="1126"
                    HEIGHT="137">
            <Shape><Polygon POINTS="1781 4026 1781 4087 2200 4096 2203 4096 2206 4096 2209 4096 2215 4093 2236 4081 2388 4081 2482 4093 2506 4096 2509 4096 2524 4093 2600 4081 2679 4096 2688 4096 2691 4096 2707 4096 2831 4081 2904 4096 2907 4026 2904 3959 1781 3966 1781 4026"/></Shape>
	    <String CONTENT="Nous nauous que traueil en uain"
                    HPOS="1781"
                    VPOS="3959"
                    WIDTH="1126"
                    HEIGHT="137"
                    WC="0.9942926975988573"></String>
          </TextLine>

          
          
          <TextLine ID="eSc_line_74b8173e"
                    TAGREFS="LT7870"
                    BASELINE="2212 4205 2643 4193" 
                    HPOS="2206"
                    VPOS="4093"
                    WIDTH="437"
                    HEIGHT="155">
            <Shape><Polygon POINTS="2634 4120 2606 4105 2552 4093 2549 4093 2546 4093 2491 4108 2467 4114 2206 4108 2212 4205 2212 4245 2640 4248 2643 4193 2637 4120 2634 4120"/></Shape>
	    <String CONTENT="¶ Ialousie"
                    HPOS="2206"
                    VPOS="4093"
                    WIDTH="437"
                    HEIGHT="155"
                    WC="0.9991553246974945"></String>
          </TextLine>

          
          
          <TextLine ID="eSc_line_5e3e2e88"
                    TAGREFS="LT7870"
                    BASELINE="1769 4372 2673 4372" 
                    HPOS="1769"
                    VPOS="4278"
                    WIDTH="904"
                    HEIGHT="173">
            <Shape><Polygon POINTS="1769 4324 1769 4372 1769 4439 2091 4451 2094 4451 2097 4451 2115 4445 2166 4424 2236 4424 2260 4442 2263 4442 2267 4442 2270 4442 2273 4442 2333 4424 2394 4448 2403 4451 2406 4451 2409 4451 2412 4451 2415 4451 2415 4448 2418 4448 2443 4424 2603 4424 2667 4451 2673 4372 2673 4302 2625 4278 2622 4278 2619 4278 2616 4278 2549 4296 2506 4281 2503 4281 2500 4281 2497 4281 2455 4302 2312 4278 2309 4278 2306 4278 2245 4305 1954 4305 1930 4284 1930 4281 1927 4281 1924 4281 1793 4278 1769 4324"/></Shape>
	    <String CONTENT="Prenez en gre. cest le refrain"
                    HPOS="1769"
                    VPOS="4278"
                    WIDTH="904"
                    HEIGHT="173"
                    WC="0.975685187180837"></String>
          </TextLine>

          
          
          <TextLine ID="eSc_line_a3ad2007"
                    TAGREFS="LT7870"
                    BASELINE="2221 4554 2534 4542" 
                    HPOS="2215"
                    VPOS="4448"
                    WIDTH="319"
                    HEIGHT="206">
            <Shape><Polygon POINTS="2221 4554 2224 4645 2342 4654 2345 4654 2348 4654 2352 4654 2352 4651 2382 4624 2409 4603 2534 4603 2534 4542 2528 4466 2215 4448 2221 4554"/></Shape>
	    <String CONTENT="¶ Tout"
                    HPOS="2215"
                    VPOS="4448"
                    WIDTH="319"
                    HEIGHT="206"></String>
          </TextLine>

          
        </TextBlock>
        
        <TextBlock HPOS="254"
                   VPOS="2973"
                   WIDTH="34"
                   HEIGHT="9"
                   ID="eSc_textblock_ed5add56"
                   TAGREFS="BT20810">
          <Shape><Polygon POINTS="260 2973 288 2973 288 2982 254 2982 260 2973"/></Shape>
          
        </TextBlock>
        

        
      </PrintSpace>
    </Page>
  </Layout>
</alto>
