4267 5462
257 415 1026 109 Contre dangier et sa puissance

254 506 1032 106 Et pour resister par souffrance

251 600 462 107 Aux enuieux

254 661 1066 130 Desloyaulx: et ainsi meist dieux

251 764 1105 115 Que uoyaige ne me pleut mieulx

251 852 950 119 Pour la compaignie de ceulx

248 931 701 106 Qui nous guidoient

254 1013 975 112 Et qui si bel se maintenoient

254 1107 1187 103 En leurs armes quilz surmontoient

248 1204 1181 106 Tous ceulx qui les armes portoient

251 1280 632 118 Sans nul blasmer

245 1368 1181 124 Quant tous feusmes pres a monter

245 1459 981 118 On fit les cheuaulx apprester

251 1556 865 106 Et tous apprestez amener

245 1705 1050 118 Doulx regard et sa compaignie

248 1802 1069 121 Nous conuoyerent longuement

248 1890 877 103 En parlant de la tyrannie

248 1984 993 97 De faulx enuieux parlement

245 2072 1141 106 Mais quant uint au departement

245 2163 1141 106 Bien plorer ne nous cousta gueres

251 2248 996 91 Car trestous communeement

242 2324 1053 127 Ploroient: qui rioient nagueres

245 2473 1169 133 Touteffoys ains quilz sen allassent

251 2588 1096 109 De nous: a trestous suppliasmes

245 2664 1408 112 Que humblement nous recommandassent

248 2761 926 100 A la bonne grace des dames

254 2846 1057 100 Et ainsi nous nous en alasmes

251 2925 950 118 Nostre chemin et eulx le leur

248 3010 1324 127 Mais cent foys noz yeulx retournasmes

251 3113 1053 118 Sur eulx qui fondoient en pleur

254 3255 1184 149 Nous cheuauchasmes longuement

251 3365 1081 121 Nous quatre sans nulle rien dire

245 3459 993 97 Qui destournast aucunement

257 3535 1029 121 Noz cueurs de desplaisir ne dire

257 3623 1090 109 Dont hault uouloir se print a rire

254 3714 1035 115 Et cõmenca moult plainement

251 3808 856 97 A deuiser pour contredire

251 3878 1026 148 A nostre ennuyeux pensement

264 4050 1374 140 En ce point grant temps cheuauchasmes

267 4151 1110 109 En parlant darmes et de amours

270 4242 1056 109 Et de dangier et de ses charmes

273 4330 1001 103 Des enuieux et de leurs tours

270 4415 959 106 Desperance et de son secours

264 4494 795 106 Quant il seroit necessite

270 4582 910 109 Et finablement du recours

267 4666 943 161 Quauoir deuions a loyaulte

1833 400 1071 106 Tant quen une estrange contree

1839 482 1314 152 Nous trouuasmes tout soubdainement

1830 564 946 112 Qui estoit presque inhabitee

1830 658 1074 112 Par le mauluais gouuernement

1833 743 901 115 De souppecon et de sa gent

1826 831 923 103 Qui abusoient par tirannie

1833 910 949 124 Sur tout ce pays quictement

1833 1004 928 133 En lieu de uraye seigneurie

1833 1165 792 121 Ceste mauldicte region

1833 1256 998 130 Estoit de toutes pars remplye

1826 1362 735 103 De toute malediction

1826 1447 917 100 Et de toute douleur fareye

1826 1520 765 118 Aussi oultrageuse folie

1826 1611 935 106 Auoit le gouuernement lors

1826 1690 896 121 Au lieu de despiteuse enuie

1823 1775 1090 139 Qui toute amour deboutoit hors

1826 1942 917 124 Ce pays mal aduantureux

1830 2048 1001 109 De dieu et dit monde mauldit

1830 2133 904 109 Estoit aigrement espineux

1833 2221 1004 121 Et ionchie par tout par despit

1830 2300 925 121 Daspres ronces: ⁊ interdict

1826 2391 714 109 De toute gracieusete

1823 2485 735 103 A loccasion du mesdit

1826 2570 920 124 Qui y estoit par tout plante

1833 2746 1144 112 Et pour certain ce pays douloreux

1833 2843 1165 94 Estoit par tout obscur et tenebreux

1830 2910 1180 130 Plain dune espesse et puante fumee

1833 2998 1129 124 Et cuide bien que le uent rigoreux

1836 3092 1232 124 De fol parler: et langaige oultrageux

1826 3186 1148 109 Rendoit ainsi la contree ensouffree

1833 3258 1135 116 Car trahyson demouroit a lentree

1826 3346 1145 113 Qui uomissoit mainte laide gorgee

1830 3447 1122 97 Et rendoit lair corrumpu et infait

1826 3519 1096 128 Par menconge courant a la uolee

1826 3614 1132 109 Qui de tous cas iugoit a sa pensee

1826 3689 1257 146 Sans y penser/ ne bien fait ne mal fait

1820 3850 1084 143 La ueissiez incessamment uenter

1823 3956 1293 113 Et daspres uens lair trouble tormenter

1826 4041 1466 128 Pluye aspre/ et froide ⁊ grosse a plonc descẽdre

1826 4135 1290 119 Gresler/ neigier/ fouldres se y presenter

1830 4233 1189 97 Et tonnoirres redoubtez se y bouter

1830 4308 1377 122 De pouoir faire en ce lieu les cieulx fendre

1826 4396 1272 113 Or est uenu le temps de nous deffendre

1830 4478 1259 113 Et de garder honneur en tous endrois

1833 4563 1408 122 Contre enuie qui cy nous ueult surprendre

1830 4670 1362 157 Par souppecon sans autre droit pretendre
