4267 5462
257 373 920 106 Ma tresgratieuse maistresse

254 452 923 112 Adieu ma ioyeuse plaisance

267 546 831 112 Icy prendra fin la rudesse

267 631 928 115 De ma douloureuse tristesse

257 707 972 139 A dieu la plus gente de france

694 886 398 124 ¶ Lacteur

254 1046 1002 119 Et apres que ceste complainte

248 1147 1120 112 Qui tout sembloit de ioye attainte

248 1225 1050 125 Fut par faulte de uoix estaincte

260 1329 881 100 Iouy cest amant souspirer

248 1417 999 109 De cueur murtry piteusement

251 1492 1008 122 Noye en pleurs parfondement

251 1574 1069 113 Et sangloutz rompus durement

245 1659 1063 128 Pour cest ieune amant martirer

242 1835 1299 107 Ce douloureux qui tant fort souspiroit

242 1935 1372 101 Que a ung chascun souspir il me sembloit

242 2023 1138 95 Que lesperit de son corps sescuroit

245 2096 1132 110 Getta adonc tresangoisseusement

242 2184 1242 107 Ung long souspir en guise de hault cry

242 2266 1275 119 Dont ie cuiday bien quil fust fait de luy

242 2360 1044 100 Et que lame fust departie ainsi

239 2439 1166 134 En ce souspir du corps piteusement

245 2603 1254 124 Ie senty lors mon cueur qni froidissoit

239 2715 1175 103 Pour la chaleur qui denuiron yssoit

245 2794 1166 125 Et que raison en moy se meurissoit

236 2879 410 97 Amerement

1817 370 1278 121 Pour ceste mort qui tant luy desplaisoit

1811 455 1281 124 Qua bien peu pres ma bouche ne disoit

1814 537 1217 160 Grant uillenye a dieu qui ce souffroit

1823 622 456 124 Iniustement

1805 779 1096 134 Touteffois quelque desplaisance

1805 892 1147 118 Que le cueur eust/ le corps sauance

1805 977 1005 112 Par cours soudain a lalegence

1808 1065 413 100 Du pacient

1805 1137 953 116 Que ie trouuay mort a demy

1808 1228 896 110 Descouloure fade et froidy

1799 1335 950 115 Trop plus certes que ie ne dy

1802 1414 313 112 A escient

1793 1565 986 119 Las la terre dure et farouche

1796 1671 1059 107 Quil touchoit de sa belle bouche

1790 1750 956 125 Luy estoit ordonnee a couche

1796 1847 777 98 Comme homme oultre

1796 1923 941 122 Dune mortelle desplaisance

1796 2020 847 116 Exille de toute esperance

1790 2102 923 113 Par faulte de ferme creance

1796 2190 431 134 En loyaulte

1799 2336 953 143 Et dieu scet quel mal ie senty

1805 2451 613 100 Quant ie le uy

1796 2530 950 140 En cest tresangoisseux party

1796 2627 525 107 Sans achoison

1790 2703 892 128 Ainsi comme sil fust banny

1790 2794 974 134 De ioye/ et de tout deul garny

1793 2897 683 113 Mais quel raison
