4267 5462
227 2298 283 396 A

519 2303 869 136 U millieu de nostre souper

519 2389 947 146 Uismes uenir une morisque

523 2485 1038 127 Laquelle sans riens descamper

519 2576 1029 132 Se monstra gorgiase et frisque

203 2682 1029 100 Cestoit une chose auctentique

206 2770 1001 106 De uoir leur gracieux deduyt

206 2849 986 103 Et en moult belle rethorique

206 2949 989 155 Alloient disant ce que sensuyt

405 3076 947 210 ¶ Lamoureux languisssant

191 3249 1443 155 Pour bien aymer las mourray ie en uiuant

203 3368 1265 130 Seray ie uif tousiours en languissant

197 3465 1226 115 Languiray ie ou parfond de tristresse

203 3556 1208 91 En la fosse dennuy tant desplaisant

206 3644 1159 100 En labisme de souffrir trescuisant

197 3711 1320 118 Ou parfond puis dangoisseuse tristresse

200 3808 1444 109 Uiendres uous point ma ioyeuse maistresse

203 3911 1499 112 Monstrez uous cueur de haultaine noblesse

200 3978 1138 115 Reluysant uis tres amoureuse face

215 4063 1159 127 Ioyeux regart/ amoureuse richesse

191 4146 1257 123 Apport damour/ hault rochier de liesse

203 4263 1438 149 Riens plus ne quiers fors amoureuse grace

427 4418 695 127 ¶ Amoureuse grace

203 4487 1238 210 Qui est celluy qui en ce point dancant

200 4603 325 164 Uient icy

1951 2306 558 142 ¶ Languissant

1769 2470 850 148 Lamoureux languissant

1999 2639 750 140 ¶ Ennieuse ialousie

1772 2825 825 130 Quauez uous cy affaire

1775 2931 786 100 Ce nest pas la maniere

1769 3013 816 118 Pensez de uous retraire

1769 3101 740 115 Arriere arriere arriere

3001 3107 273 167 Pause

1966 3271 768 136 ¶ Espoir de paruenir

1796 3438 1120 133 Ie nay arrest/ ie nay en moy repos

1793 3547 1290 106 Ie uois: ie uiens: ie suis a tous propos

1781 3626 1429 112 Lung iour ioyeux: et lautre en desplaisance

1781 3723 1241 103 Amours amours que tu as de suppos

1781 3796 1269 115 Telz que ie suis/ ie tescrips ioyeux mos

1784 3884 1202 124 Gracieux ditz pour auoir allegeance

1793 3990 1253 91 En la conduite de parfaicte esperance

1781 4069 1229 100 Pour acquerir amoureuse alegeance

1793 4160 1129 109 Ie menhardis uenir en ceste place

1781 4233 1296 112 Ou estez uous ma doulce esiouyssance

1781 4321 1481 124 Monstrez uostre oeil plain de doulce plaisãce

1775 4415 1393 163 Rien plus ne quiers fors amoureuse grace

2003 4574 337 259 ¶ Grace
