4267 5638
905 425 1262 129 Don de chercher tout a ma belle guise

902 516 1124 129 Les merueilles de la forest requise

908 617 1281 103 Car sans octroy ny entroit nul iamais

905 685 1403 138 Mais quant ie uis que ieuz plaine puissane

911 776 1294 129 Destre en ce lieu tant riche de plaisance

905 870 1322 122 Penses que ieu bien peu de desplaisance

908 964 1159 119 Et par ma foy ie nen pouoye mais

911 1121 1269 135 Car la forest en tout plaisir habunde

905 1215 1309 116 Ne se appareille en riens/ ne sa seconde

908 1306 1504 125 En tant que peult comprendre tout le monde

902 1406 1269 103 Tant la trouuay garnie de tous biens

905 1481 1087 110 Cest lentree de ma dame richesse

902 1566 1131 119 Le uray repos de ioyeuse ieunesse

908 1653 1112 119 Et seul seiour damoureuse liesse

908 1738 1297 141 Si noblement seant quil ny fault riens

911 1907 1213 132 Ie prisay bien adonc le don de grace

908 2020 1288 106 Du noble roy que dieu en bien parface

908 2092 1266 116 Dont ieuz entree en ceste noble place

899 2180 1425 134 Qui me donnoit mainte ioye et maint bien

902 2270 1137 110 Car ie ueoye adonc tresclerement

902 2361 1193 122 Ce que iauoye ueu premierement

905 2446 1159 122 Et escoutay presque obscurement

908 2537 1256 115 Dont encor me souuenoit moult bien

899 2706 1281 131 De toutes pars ioyeusetes sourdoient

2465 413 1498 116 Les haulx arbres doulcement se arrongoient

2471 513 1488 125 Fleurs et fueilles ⁊ fruitz le chault couuroient

2474 607 1219 110 Et tendoient lair de fresche doulceur

2468 685 1194 113 La belle herbe uerte menue et gente

2474 789 1144 91 Mussoit par tout ceste terre relante

2474 855 1222 122 Et la uestoit de robbe assez plaisante

2471 952 1310 131 Pour receuoir ung bien grant empereur

2474 1111 984 129 Cent mille petites fontaines

2478 1230 958 88 Cleres/ argentiues et saines

2468 1312 1050 97 Couroient es ioyeuses plaines

2471 1381 1100 131 Par mains beaulx petis ruisselez

2478 1490 874 101 Ou le bel grauier se iouoit

2481 1575 1034 100 Et lung contre lautre estriuoit

2478 1660 871 106 Et ioyeuse noise trouuoit

2478 1732 1109 150 Dessoubz aucuns gentz reinseletz

2478 1910 943 110 En uerite ie dy bien se ie dis

2471 2010 1100 97 Que ce lieu est ung petit paradis

2471 2095 1219 106 Tant est parfait le gracieux pourpris

2468 2180 1266 128 Sur tous autres sans nul en excepter

2471 2273 896 98 Car nature qui tel le edifia

2468 2349 1156 112 Par plaisance nulle riens noublya

2468 2436 1266 129 Tant puissamment sa force y employa

2465 2543 1303 122 que cueur humain ne le pourroit penser
