4267 5617
920 449 1311 134 Que nous sommes au pais de uandoys

933 608 1180 125 Et dieu mercy assez sommes garnis

933 705 1283 109 De cueur/ de corps/ de puissance/ damis

933 805 1061 93 Et de prudence/ force et loyaulte

936 876 1302 128 De seurs harnoys/ et de champs de pris

939 973 1033 109 Dactrempe/ de crainte et dauis

936 1054 939 113 De bien celer: de forte uerite

936 1157 1217 94 Ce semble assez pour toute aduersite

933 1245 1130 99 Rompre et casser/ et toute iniquite

936 1329 1217 103 Fouler aux pieds et en auoir uictoire

923 1407 1199 115 Ayons doncques tous une uoulente

936 1494 1099 116 Iusques a la mort de tenir equite

927 1579 1298 127 Et les loyaulx feront de nous memoire

933 1738 721 124 Et ceste parolle finee

930 1850 986 119 Souppecon la uieille damnee

927 1944 1058 96 Qui gardoit ce premier passaige

923 2022 1093 118 Uint uers nous toute escheuelee

923 2112 893 106 Desbauchee et deffiguree

917 2193 1080 125 Layde et hydeuse a laduantaige

927 4311 215 369 E

1161 4292 1049 140 T pour nous faire bien uegnãt

1170 4396 1089 116 Ceste grant uieille en rechignant

1166 4488 955 122 Nous commenca ainsi a dire

1156 4568 909 201 A certes: et non en feignant

2490 446 1099 134 Pour nous dire et faire oultraige

2497 552 846 103 A layde de langue uolage

2494 636 1136 112 Qui bruiant et faisant grant noise

2494 727 898 103 La poursuyuoit a fine rage

2500 811 1117 100 Pour la garnir pour tout potaige

2503 889 1145 125 Dune grant guysarme uauldoyse

2500 976 989 128 Mais quant ceste uieille ridee

2503 1076 774 100 Facemere et esceruellee

2512 1151 909 125 Souppecon se sentit garnie

2506 1235 1071 128 De sa grãt guysarme enrouillee

2506 1319 1139 125 Dieu scet se elle eut langue affillee

2497 1413 727 119 A dire toute uillennie

2500 1491 1058 122 A nous qui oncques iour de uie

2500 1597 986 97 Nauons eu de la ueoir en uie

2500 1685 989 99 Ne dapproucher de sa contree

2506 1766 812 115 Et en regardant sa folie

2497 1853 1133 122 Ueu quelle nous congnoissoit mye

2500 1947 927 125 Auions de ce fait grant risee

2902 4231 540 103 ¶ Souppecon.

2519 4339 183 299 S

2730 4306 1120 122 E ie me uois de uous plaingnant

2721 4395 1035 117 A dangier qui est mon droit sire

2730 4479 1031 122 Et qui tient ce tresnoble empire

2716 4577 1017 117 Ou uous estez pour contredire

2469 4662 799 209 A uoz auolez losengiers
