4267 5596
929 419 996 112 De sermonner a ses souldars

933 512 995 112 En disant en son bel langaige

1595 659 267 130 Enuie

932 862 266 387 B

1207 825 1143 163 Ien uiengnez uous de toutes pars

1216 951 1206 137 Iay cy fait moult grant mandement

1207 1035 877 116 Pour parler generalement

1203 1105 932 130 De trestout ce que iay affaire

936 1203 1041 105 Et pour tout dire franchement

933 1308 976 106 Chascun scet assez clerement

926 1377 1020 102 Que ie suis a amour contraire

929 1470 1011 109 Ne ie ne quiers qua la deffaire

933 1557 973 115 Et a ses gens a mal fortraire

929 1647 1101 100 Et leur porter mortel dommaige

929 1722 1285 143 Ne amours en riens ne me peult plaire

933 1831 1113 102 Ne pour riens ne me puis retraire

929 1915 1033 102 De luy faire honte et oultraige

917 2058 1138 124 Tousiours suis de guerre mortelle

923 2182 890 87 A uraye amour/ a loyaulte

920 2250 930 109 A concorde suis tant rebelle

917 2334 1042 109 Quun chascun uoit/ et a bonte

920 2443 743 87 A doulceur et a uerite

923 2505 1114 134 Ne uueil pourchasser que la mort

917 2608 983 102 Tant auons nous ennemiste

923 2695 927 127 Ensemble/ hayne ⁊ discort

917 2841 992 127 Et pour mectre a destruction

923 2956 1039 121 Ceulx qui ne sont de ma partie

920 3046 890 103 Dangier aura commission

920 3133 936 100 De mener ceste compaignie

917 3217 986 115 Pour aux amans oster la uie

917 3304 927 103 Totalement et les destruire

914 3404 1126 93 Et moymesmes ny fauldray mye

914 3491 1095 121 Car ie doy lost par tout conduire

911 3637 1197 146 Mais gardez uous souuerainement

911 3736 970 109 De bon aduis et de prudence

917 3820 1011 128 Car ilz uoyent trop clerement

914 3907 1101 122 Nostre fait par leur grant science

914 3991 1328 162 Tes deux nous font moult de nuysance

914 4085 1017 124 Car ilz sont de grant reconfort

911 4178 777 112 Et alliez a atrempance

908 4256 1135 149 Qui ne me hait: mais que de mort

908 4411 808 131 Pource usa de sedicions

914 4523 790 118 De noises/ de diuisions

911 4619 827 112 Coulourees de ypocrisie

908 4703 895 159 Et de couuertes trahisons

2516 425 808 125 Et dobscures abusions

2512 509 927 134 Pour aduertir preudommie

2509 600 840 118 Faictes targe de ialousie

2519 702 914 109 Et gectes dars de menterie

2509 774 604 108 A la uolee ca et la

2516 858 873 115 Car souspecon et flaterie

2512 951 1080 127 Au besoing ne me fauldront mie

2519 1044 930 109 Face chascun ce quil scaura

2519 1137 858 106 Esceruelle mesdit enrage

2516 1206 1181 143 Langue sans frain/ langue uolaige

2516 1315 811 102 Auole et souldain parler

2519 1380 1063 134 Dessoubz la baniere doultraige

2516 1486 1228 146 Pourront porter moult de dommaige

2512 1557 874 115 A mes ennemis/ et naurer

2512 1657 955 118 Aucuns deulx et a mort ruer

2516 1747 936 102 Ou mortellement les blecer

2512 1824 902 112 Quant ce sera a la iournee

2516 1905 1010 134 Chascun si uueille bien porter

2516 2002 1045 136 Et uaillamment se y esprouuer

2522 2082 861 128 Et il aura double souldee

2923 2247 401 131 ¶ Lacteur

2527 2406 261 396 Q

2795 2424 846 140 Uant enuie a parler cessa

2805 2527 843 115 Tantost trahison se leua

2808 2620 812 106 Par le conseil de flaterie

2802 2700 914 153 Et ses prisonniers presenta

2509 2782 918 127 A dangier: lequel les donna

2509 2869 1048 121 Promptement a la faulse enuie

2506 2962 927 122 Mesdit souspecon menterie

2506 3065 824 106 Auoient pris par forcerie

2509 3136 1142 137 Ces urays bons et leaulx amans

2506 3220 812 115 Par une trahison bastie

2506 3304 1027 134 Mais escoutes ie uous supplie

2509 3401 1027 124 Ce que firent ces sacquemens

2494 3550 1116 152 Ces prisonniers que ie uous ditz

2500 3671 1123 128 Traitz par ces uaudoys maulditz

2500 3755 840 103 Furent presentes a enuie

2503 3833 998 127 Et dieu scet silz furent pugniz

2497 3920 1064 140 Par grans reprouches et mesdiz

2500 4010 933 124 De ceste infernalle mesgnee

2500 4097 1169 137 Dieu que nous auons grant enuie

2494 4187 983 109 Tous abandonner nostre uie

2494 4280 1101 125 Pour les recourre de leurs mains

2491 4371 1228 136 Mais honneur ne nous souffroit mie

2491 4455 814 102 A renforcer leur maladie

2484 4545 999 140 Pour les enuieux inhumains

2494 4685 874 167 Souspecon la uieille ridee
