4267 5462
288 400 1153 112 En telz honneurs: car doulx parler

282 482 983 124 Me uenoit dung lez accointer

279 570 604 118 Tant priueement

276 661 928 112 Que ien hontoyoie forment

282 746 897 127 Tant estoye nice rudement

282 834 1138 118 Et beau maintien semblablement

276 928 534 100 Me racomptoit

282 1022 1035 94 Et tant plaisamment deuisoit

270 1104 1022 100 Auec moy que merueille estoit

267 1183 934 115 Apres bel acueil reuenoit

267 1268 685 106 Qui tant gent corps

270 1353 910 121 Auoit: que cestoit raige lors

285 1441 1016 118 De son parler/ de ses rapors

273 1535 1044 121 Et de ses tresdoulx reconfors

270 1620 543 112 Et me sembloit

267 1711 1056 100 Que celluy bien heureux seroit

264 1802 916 103 Qui auec ses gens useroit

270 1881 1138 118 Son ieune temps tant quil uiuroit

264 1963 470 124 Finablement

264 2075 1107 103 Receuz fumes moult grandement

267 2157 849 109 Et festiez bien largement

264 2236 855 118 Et seruis honnoreement

264 2321 491 115 Pour abregier

257 2409 1148 106 De tous les biens sans espargner

254 2494 1190 124 Que cueur humain pourroit penser

264 2585 943 118 Et en ce point nous fist aiser

264 2670 579 118 Dame esperance

264 2755 1213 124 De tous biens en toute habondance

1854 406 1080 100 Plus largement que a suffisance

1854 488 1010 121 Par tresgracieuse ordonnance

1860 573 488 106 Et sur ma foy

1869 667 546 115 Ie cuyde et croy

1848 743 1129 140 Quoncques mais ne prince ne roy

1857 840 431 115 Ne fut seruy

1851 913 1226 136 Mieulx que mon compaignon et moy

1857 1019 434 118 Ne recueilly

1851 1168 1202 127 Apres soupper nous nous leuasmes

1857 1271 1035 106 Et doulx regard remerciasmes

1860 1365 1126 109 De lhonneur quil nous auoit fait

1857 1450 1162 118 Et pensez que nous le trouuasmes

1851 1544 974 97 Tout gracieux et deuisasmes

1848 1632 1062 100 Bien longuement de nostre fait

1857 1717 1101 94 Comme a nostre amy tresparfait

1854 1790 1111 118 Et luy qui nous uit sans meffait

1857 1902 1001 97 Nous mena deuers esperance

1854 1969 1007 106 En disant ainsi. Se dieu plaist

1851 2063 1138 112 Nous aurons des biens a souhait

1851 2151 1141 136 Car nostre fait tresbien commence

2245 2312 404 127 ¶ Lacteur

2066 2482 1254 148 ¶ Commẽt doulx regart apres qͥl les

2060 2594 1263 115 eut festoyez les maine en une chambre

2060 2664 1111 161 uers dame esperance et loyaulte.
