4267 5496
201 427 880 104 Pour plus aspre confusion

201 491 831 119 Laisse moy la conclusion

204 580 910 119 Doulce eniue ie ten supplie

198 677 907 113 Si perdront sans remission

195 754 1032 131 Par torment leur mauldicte uie

387 912 410 141 ¶ Lacteur

206 1094 229 403 E

439 1076 830 146 Nuie adonc leur enhorta

449 1181 852 128 A regnier le dieu damours

444 1273 857 105 Et son seruice: et tout cela

444 1355 926 133 Se faisoit en estranges tours

195 1447 1093 128 En leur remonstrant que secours

195 1544 898 110 Ne pouoient auoir de nully

189 1627 1096 125 Puis que fortune auoit son cours

186 1722 883 128 Cestoit force quil fust ainsi

177 1868 950 134 Une heure elle les menassoit

183 1969 1050 125 De menasses de grande aspresse

177 2061 1014 122 Autre heure elle les blandissoit

177 2149 1047 107 Et leur faisoit mainte promesse

174 2235 1179 109 Mais pour doulceur ne pour rudesse

174 2335 1121 110 Ne se meut leur couraige en riens

174 2412 1169 137 Ains haultement crioient sans cesse

357 2573 650 147 ¶ Le uray amant

174 2738 252 408 U

435 2738 1201 147 Ray dieu damours nous sõmes tiens

439 2857 1091 101 Et pourtant uiens nous secourir

430 2931 1128 133 Car nous sommes prestz a mourir

435 3022 509 106 En ton seruice

180 3111 931 98 A la mort nous allons offrir

177 3202 947 116 Pour ta digne loy soubstenir

180 3279 577 122 Sans nul malice

174 3355 888 119 Uecy enuie le mauldit uice

174 3447 1093 128 Qui nous ueult par son malefice

174 3547 873 101 Faire regnyer ta puissance

180 3630 1026 113 Ou nous murtrir par iniustice

180 3712 940 110 En faignant de faire iustice

183 3810 1084 122 Des gens tous garniz dinocence

403 3951 400 158 ¶ Lacteur

187 4131 298 407 A

494 4135 743 133 Pres ce enuie ordonna

481 4231 1008 129 Que lon les fist tantost mourir

481 4314 990 119 Par diuers tormens et donna

481 4415 953 128 Puissance a danger de querir

183 4512 941 104 Les tormens pour faire finir

186 4589 1093 122 Ces loyaulx amans par martire

180 4692 931 162 Qui se alloient a mort offrir

1765 406 1316 125 Sans contraincte quoy quon peult dire

1768 552 935 138 Et dangier qui fort desiroit

1762 662 815 113 A ces martirs martirizer

1765 748 898 113 A ces tirans abandonnoit

1762 842 1099 101 Ces urays amans pour les tuer

1762 922 922 103 La oyssies uous murmurer

1759 1019 1096 89 Ces mauldiz tyrans inhumains

1762 1099 861 110 Et tirer: sachier et bouter

1762 1172 1151 131 Ces dignes martirs et corps sains

1765 1337 1164 137 Douleur/ soucy/ ennuy merancolie

1759 1441 1032 107 Deception/ trahison/ menterie

1753 1538 1393 116 Mensonge/ ire/ desdaing/ maldit/ oultraige

1753 1630 1252 110 Langue sans frain/ rigueur/ et flaterie

1753 1700 1112 122 Parler sonbdain/ et sourse deresie

1756 1795 1029 113 Ipocrisie auec langue uolaige

1756 1877 895 107 Diuision/ sedicion et raige

1750 1963 931 116 Forcenee iniustice sauuaige

1747 2122 1316 134 Mort pourparlee en secret par uengence

1744 2238 1398 113 Hayne sans cause acquise soubz umbrage

1750 2311 1237 116 Et trestous ceulx de ce gent il lignage

1741 2409 1426 119 Renouuelloient tormens a grant puissance

1734 2485 1051 113 La ueissiez ces tormens amener

1741 2570 1414 147 Et de mains dars corps et cueur trespercee

1741 2677 558 95 A grant douleur

1744 2741 1313 147 Langue sans frain les faisoit tormenter

1744 2918 1209 138 Par mensonger et oultrageux parler

1750 3013 461 122 En sa fureur

1744 3099 1099 116 Oncques mais ne uis tel hideur

1741 3199 1038 98 Que cestoit adonc du mal henr

1744 3270 1047 122 Qui les nauroit de toutes pars

1747 3373 919 98 Et dangier pure de rigueur

1741 3453 965 110 Les tormentoit en sa chalenr

1737 3535 987 116 Denuieux et uenimeux dars

1734 3624 1094 122 La ueissiez uous plus de martire

1737 3780 1128 128 Que homme iamais noseroit dire

1741 3893 1001 100 Ces loyaulx amans endurer

1741 3978 1142 122 Mensonge: les ungs deulx martire

1737 4070 1069 100 Et membre a membre les detire

1744 4149 1001 113 Et les depart par faulx parler

1737 4247 972 107 Mensonge leur uient separer

1741 4320 910 134 Lame du corps et leur oster

1731 4485 1017 131 Le cueur du corps entieremeut

1741 4586 843 110 Et laisse le cueur enuoler

1741 4680 852 168 Car enuie ne le peut tuer
