4267 5496
224 389 257 394 Q

482 415 822 119 Ui ueist lors mesdit tirer

481 499 985 123 Traict uenimeux et martirer

482 592 981 116 Ces amans inhumainement

476 668 889 119 Et mensonge les despecer

204 760 944 110 Et trahison les desmembrer

207 845 990 129 Il sen fust courrouce forment

197 929 893 124 La ces amans secretement

204 1016 1252 183 Se complaignoient douloureusement

201 1129 483 95 Des enuieux

192 1177 999 132 Qui leur auoient entierement

192 1277 985 119 Tollu ce que souuerainement

204 1380 669 131 Ilz amoient mieulx

195 1544 870 117 Helas honneur y fut blece

204 1630 1146 125 Dung traict de mensongier mesdit

198 1719 1035 109 Dont amour fut en soy trouble

195 1807 1066 110 Mais crainte en auoit tel despit

198 1896 1072 137 Quil queroit dangier sans respit

198 1987 577 113 Pour soy uenger

192 2061 976 119 De la honte qua honneur fist

195 2149 467 128 Le fel dangier

192 2314 1020 131 Adoncques ueissiez ces amans

195 2415 880 107 Pour ceste bleceure dolens

195 2500 864 113 Le triste dangier mauldire

198 2592 880 101 Et les enuieux mesdisans

195 2662 1075 125 Qui tant nous estoient nuysans

198 2760 883 110 Qua paine loseroit on dire

201 2851 1014 113 Et toutesfois pour soy uenger

204 2949 950 107 Ilz commencerent a charger

201 3038 577 94 Moult fierement

198 3117 1106 110 Sur lost du faulx ialoux dangier

198 3209 1057 109 Et urays amans de soy rengier

201 3282 461 119 Espessement

195 3370 1078 107 Pour faire aux enuieux torment

201 3459 974 119 En ferant sur eux asprement

198 3551 574 100 Comme enragez

201 3624 1078 122 De ce que honneur fut tellement

201 3722 776 103 Naure malicieusement

201 3816 608 122 Par telz meschiefz

195 3975 852 110 La fut faicte mainte huee

201 4060 981 110 Et mainte hideuse assemblee

201 4155 987 104 Quant se uint a se rencontrer

201 4241 965 100 Chascun auoit sa mort iuree

198 4329 904 104 A dangier et sa gent desuee

204 4412 1155 119 Sans lung lautre en riens deporter

201 4515 761 101 La si hardi de regarder

201 4598 981 107 Amours pour enuieux parler

204 4683 932 129 Qui les tenoit si tresdecourt

1771 406 1081 116 Que amant fist tant fust a amer

1777 488 730 125 Ne si osoit auanturer

1777 574 999 131 Sans cheoir en perilz de court

1777 729 926 132 Ne si hardi amant sur lueil

1774 833 974 119 Doser regarder doulx acueil

1771 922 922 103 Durant ce tenebreux orage

1768 1016 1087 104 Que tantost ne tumbast en dueil

1771 1102 1094 97 Et quonneur encontre son uueil

1768 1175 1249 125 Neust honte/ ou ennuy/ ou dommaige

1765 1279 1112 98 Par mensonge et langue uolaige

1768 1364 1170 104 Qui dessoubz lestandart doultraige

1765 1453 773 104 A lenteprise de dangier

1771 1538 886 104 Et trahison faisoient rage

1771 1615 1011 104 De blecer honneur au passage

1768 1697 1118 147 Soubz fainte daultruy se uenger

1768 1871 965 107 Et les amans qui ce ueoient

1765 1963 1209 119 Pensez quelz douleurs ilz souffroient

1771 2054 993 110 De noser pour riens regarder

1768 2137 987 110 Ce quilz deuoient plus amer

1762 2235 1041 109 Et ce quilz amoyent seulement

1768 2311 1032 110 En quittant tout oultreement

1762 2409 1057 100 Le demourant de tout le monde

1768 2494 1060 113 Et tant quil contient a la ronde

1762 2641 922 143 Les ungs oyssies souspirer

1771 2763 809 101 Et les autres se dectirer

1765 2839 1200 125 Et les aucuns tous fondre en pleurs

1759 2922 886 113 Autres en eulx se martirer

1762 3010 1069 119 Sans deulx desplaisance adirer

1762 3108 986 107 Chargiez dinfinies douleurs

1765 3199 1096 107 Car crainte qui gardoit honneur

1762 3282 1008 98 Ne leur souffroit aucunement

1762 3367 1023 113 Prendre ueugence en la fureur

1762 3459 986 95 Ou ilz estoient generalement

1762 3541 990 113 Affin quonneur secondement

1762 3624 889 116 Ne fust blecie des enuieux

1762 3712 1161 116 Car ung mal seul communeement

1759 3807 1029 128 Ne griefue pas si fort que deux

1753 3941 919 138 La tout le faiz de la bataille

1759 4063 828 98 Tumba a la male sancte

1762 4152 904 98 De lenuieuse crapaudaille

1762 4228 837 110 Car esperance et leaulte

1759 4317 922 107 Attrempe couraige et bonte

1759 4402 1017 113 Hault uouloir uerite prudence

1759 4497 931 113 y suruindrent a grant plante

1765 4573 1029 132 De plus fiers de nostre aliance

1765 4683 932 135 Prudence par sa grant fierte
