4267 5496
180 403 809 143 Daspre dueil a ton tour

400 574 415 134 ¶ Lacteur

197 741 247 404 Q

455 745 986 122 Ui adoncques ueist rechigner

453 842 944 124 Le fel dangier et renfroignier

467 937 947 113 Il faisoit bien a ressoingnier

444 1007 1036 128 Et serrer ses dens par grant ire

174 1102 971 113 Et fierement se rengroignier

174 1187 937 132 Il faisoit bien a resoingnier

171 1282 1044 125 Et sembloit bien ung cruel sire

171 1367 843 119 Si nauoit il talent de rire

158 1444 1127 131 Pour chose que nul luy sceust dire

164 1535 880 119 Car il entendoit a son fait

158 1621 1017 131 Qui senclinoit deuers lempire

167 1706 1103 138 Sans ce quil luy sceust contredire

161 1801 853 131 Aussi auoit il trop meffait

158 1969 1011 125 Dangier se uendoit fierement

161 2061 926 122 Et se deffendoit aigrement

152 2152 645 113 A laide de ses amis

158 2231 1045 126 En cuidant par enchantement

152 2323 938 110 Recouurer cautelleusement

158 2415 1173 128 Ceulx qui sestoient trop auaut mis

155 2506 1039 101 La nuyt uous auoit ia souppris

167 2592 1146 110 Ia soit que auques eussions le pris

161 2689 911 92 De celle mortelle assemblee

155 2757 883 110 Qui auoit dure uint et six

155 2848 901 113 Heures sans estre departis

155 2937 1039 122 Les ungs des autres a iournee

155 3093 972 128 Finablement quahu quaha

158 3193 1027 122 Dangier le plus gros recouura

155 3294 1027 95 De sa partie/ et coiement retira

155 3373 1014 126 Dont sur luy grant noise leua

158 3459 538 119 Et grant hurie

152 3551 852 113 Lamoureuse compaignie

152 3630 825 119 Mainte belle cheualerie

161 3712 966 129 Et maintes belles armes fist

152 3807 691 101 A ceste retraicte iolie

155 3889 1127 123 Dont amours fist chiere moult lie

155 3984 1036 131 Pour faire aux enuieux despit

155 4143 969 131 La iournee ainsi a fin traicte

155 4250 1017 97 Amours fist sonner la retraicte

158 4335 926 110 Pour ralier toutes ses gens

158 4433 886 88 La y eut mainte ioye faicte

158 4506 865 107 De pensee ioyeuse traicte

167 4595 944 104 En los des gracieux amans

158 4680 1002 159 La ueissiez parmi ces champs

1762 409 1142 131 Drecier maius pauillons plaisans

1756 494 907 107 Pour retraire la seigneurie

1759 580 1026 125 Et de lautre part noz nuysans

1753 674 983 107 Enuieux faulx et mesdisans

1759 766 889 104 Se mussoient en la fueillie

1750 842 1102 125 Couraige attrempe pour la nuyt

1747 943 1118 110 Eut le guet pour nostre ost garder

1741 1025 1017 104 Quenuie qui tout bien destruit

1744 1102 983 128 Ne uint par trahison frapper

1744 1206 992 100 Sur nous et nous espouenter

1744 1285 962 107 Entandis questions a repos

1734 1374 1100 128 Mais on luy tint par bien guetter

1731 1453 904 122 Toute la nuyt le fer au dos

1725 1603 941 134 Parmi toute lost amoureuse

1728 1722 911 106 Ueistes grans feux alumer

1728 1807 889 104 Et demener chiere ioyeuse

1722 1899 910 100 Rire/ chanter/ iouer/ dancer

1722 1981 1008 110 Trompettes et clerons sonner

1725 2064 1005 119 Et instrumens de toutes pars

1722 2158 996 110 Et faire ces champs resonner

1722 2231 959 129 De son ioyeux en lair espars

1719 2317 1115 128 Hault uouloir/ bon aduis et nous

1716 2406 990 131 Uinsmes en la rente damours

1722 2506 898 113 Et la parlasmes du ialoux

1716 2580 1167 134 Dangier et de ses soubdains tours

1719 2668 926 116 Et denuie et de son secours

1710 2763 1158 110 Qui ainsi nous cuidoient destruire

1713 2854 1014 110 Ce tandis quilz auoient cours

1713 2943 1145 131 Temps et puissance de nous nuyre

1713 3089 1152 141 La parla len des grans uaillances

1719 3209 959 103 Et des enuieuses greuances

1716 3276 971 122 Denuie et de sa grant armee

1719 3367 904 119 Et de lentreprise honnoree

1710 3450 1115 125 Que lamant et moy entreprismes

1716 3544 868 110 Suant en ioyeuse destinee

1713 3636 1194 144 Le conduit de hault uouloir prismes

1713 3783 1020 131 La bon aduis et hault uouloir

1713 3896 1023 109 Pour nostre fait recommander

1716 3981 999 107 Faisoient merueilleux deuoir

1716 4073 1106 107 De nous uers amours aduancer

1719 4158 990 113 Et leaulte pour nous haulcer

1719 4262 993 95 Nous loua merueilleusement

1713 4332 1145 113 Tant que amours se print a pencer

1722 4415 1088 131 Sur nostre fait bien longuement

1716 4573 981 138 Touteffois auec maint deuis

1716 4680 1020 165 Hault uouloir auec bon aduis
