4267 5562
973 444 1043 112 A amours congie demanderent

980 534 853 124 Et ainsi fut le congie pris

980 624 955 105 De noz deux guides et amis

977 710 1110 105 Que en leur tente nous menerent

977 791 1119 117 Les seruiteurs nous desarmerent

983 880 1036 108 Lamant et moy et appresterent

983 985 838 90 Herbe uerte pour reposer

977 1056 1323 124 Mais noz guides oncques ne coucherent

980 1143 1113 111 Aincoys toute la nuyt guaitterent

977 1226 1048 121 Quon ne nous uensist esueiller

983 1378 918 129 Ie mendormis legierement

980 1489 482 117 A la frescheur

983 1569 1005 133 Comme charge estrangement

980 1662 491 111 De pesanteur

973 1730 937 124 Pour le traueil et la douleur

977 1829 593 111 Du long uoyage

977 1912 1073 130 Qui mauoit fait mainte rigueur

980 2014 658 108 Et maint oultrage

973 2166 1188 139 Quant ieuz dormis bien fermement

973 2264 1030 127 Ainsi que une heure seulement

983 2354 844 114 Il me uint une aduision

973 2444 1043 111 Qui a merueilles plaisamment

970 2527 879 105 Me donna resiouyssement

973 2635 761 102 Mais or ouez la uision

977 2697 745 114 En une doulce region

970 2793 783 111 Faicte par composition

970 2870 937 108 Toute bonne sans uiolence

977 2960 865 114 De tresnoble complection

970 3046 817 108 Oultre toute estimation

980 3136 974 111 Naturelle et recongnoissance

970 3232 1073 114 Regarday ung lieu de plaisance

970 3315 1086 102 Fait par si tresgente ordonnance

973 3408 879 108 Et par si grande auctorite

970 3485 1231 117 Quonques mais dieu ne sa puissance

980 3575 1088 117 Ne firent mieulx comme ie pense

973 3658 965 127 Quoy quil ait maint habilite

983 3806 992 136 Cestoit ung chasteau dequite

983 3918 1156 114 De trois puissans murs bien ferme

973 4020 959 98 Oeuurez par grant subtillite

970 4097 981 117 Ainsi que par une euure foree

973 4199 928 99 Oncques mais creature nee

977 4264 763 120 Ne uit le pareil ediffice

980 4369 893 108 Ne iamais ne sera trouuee

980 4446 930 133 Si belle oeuure ne si propice

970 4594 1086 149 Le premier mur estoit de fin acier

973 4702 1333 149 Cler et luysant de haulteur orgueilleuse

2544 444 1203 109 Plus mille fois quon noseroit cuider

2550 543 1330 112 Et de largeur tresample et planteureuse

2547 618 1151 108 Auironne par oeuure merueilleuse

2550 723 1206 89 De fortes tours hors du mur a demy

2547 806 1194 93 Qui rendoyent la place sumptueuse

2550 893 1302 123 Cent mille fois mieulx faicte qua lamy

2547 1044 1126 120 Le second mur estoit de fin argent

2554 1140 1372 129 Tant gracieux/ tant plaisant/ et tant gent

2550 1229 1194 105 Qua grant paine loperation descrire

2554 1310 1292 123 Et touteffois pour au plus pres en dire

2554 1393 964 108 La uerite et selon mon aduis

2560 1477 1237 120 Ce second mur dargent comme ie dis

2557 1582 1292 108 Estoit par tout seme de gent creneaulx

2550 1665 1327 117 Mesmement que moult paroient beaulx

2554 1813 1307 124 De belles tours et de gentes tournelles

2554 1925 1462 129 Moult plaisantes moult fortes ⁊ moult belles

2554 2017 915 105 Arengees assez espessement

2554 2085 1187 124 Estoit ce mur pare moult richement

2557 2190 1042 90 Et entre ces deux murs couroit

2550 2264 1132 109 Ung gent fleuue moult roidement

2547 2345 968 111 Qui ce lieu tout enuironnoit

2550 2441 1200 129 Sans son cours perdre aucunement

2550 2589 1129 142 Dieu par expres commandement

2544 2694 891 124 Lauoit en ce point ordonne

2550 2781 1027 129 Pour faire plus parfaictement

2557 2867 1184 136 Son chief doeuure a amours donne

2550 2969 928 111 Le tiers mur estoit de cristal

2547 3046 956 111 Ouure moult precieusement

2547 3136 1018 114 Qui sembloit de haulteur egal

2547 3225 1185 118 Aux cieulx ou bien prouchainement

2547 3315 1147 117 Oncque ouuraige plus gentement

2554 3389 1023 127 Ne se monstra ne plus parfaict

2550 3491 947 108 Et cuide a bon entendement

2544 3556 1283 161 Quil estoit mieulx fait que a soubzhait

2550 3717 777 139 Il y auoit belles allees

2547 3834 1129 121 Sur ces trois murs de toutes pars

2544 3915 1067 123 Moult sumptueusement parees

2544 4010 1079 105 Et propres pour plaisans regars

2541 4091 1079 123 Moins plaisirs y estoient espars

2544 4183 956 115 En ce tresgracieux ouuraige

2538 4261 1064 117 Ou dieu ne fut oncques eschars

2541 4356 980 115 De le bien faire a lauantaige

2535 4505 1153 136 Et entre les deux murs derreniers

2535 4616 928 117 Recouroit une autre riuiere

2535 4696 894 152 Tresplaisant uoire le tiers
