4267 5442
317 349 236 353 A

594 358 1053 136 Pres le temps de lexil douloreux

594 458 1012 122 Du desole iadis et langoureux

590 539 1085 132 Triste et pensif: par desir rigoreux

590 616 1130 141 En la saison tresdoulce ⁊ gracieuse

263 716 1166 122 Ou fleurissent les ioyeuses pensees

267 789 1371 127 Es nobles cueurs des humains cõmences

263 888 1094 132 Par plaisance: desia fort auances

263 979 1089 118 Mest aduenu uision merueilleuse

263 1133 1071 136 Ie ne scay pas se ie dormoye lors

263 1242 1030 109 Comme rauy en esperit et hors

263 1310 1116 136 De lobscurte pesante et corporelle

258 1405 1153 118 Quel iestoye ne uous scauroye dire

263 1496 1157 127 Se moymesmes ne uouloye desdire

258 1582 1040 114 Ou uistement la uision descrire

254 1659 1298 132 Qui merueilles me fut plaisante et belle

258 1809 1085 145 Et pour certain en ceste aduision

267 1931 963 105 Ie me trouuay en une region

263 2009 1130 136 Doulce et souefue a mon oppinion

267 2095 1398 122 Cent mille foys plus quon ne pourroit dire

258 2185 1226 132 Le beau soleil en tous temps y luysoit

263 2281 1089 104 Et tellement lair cler enluminoit

254 2344 1144 132 Que la clarte iamais ny deffailloit

258 2453 1180 122 Sinon la nuit qui uers tenebres tire

254 2607 1339 132 La ueissiez uous maintes diuerses fleurs

263 2721 1348 104 Moult bien painctes de diuerses couleurs

258 2802 1144 104 Tresodorans de infinies doulceurs

254 2888 1307 105 Qui confortoit les humains richement

263 2965 1230 114 Et tellement que les aucuns disoient

258 3052 1476 127 Que les haultz biens de ses fleurs suffisoient

254 3147 1239 109 A soubstenir ceulx qui la seiournoient

258 3233 1203 131 Dont esbahy fus au commencement

254 3374 1307 140 Mais ieuz apres ce de fait congnoissance

258 3501 1121 95 Euidemment par clere experience

258 3578 1239 113 Car moy estant en ce lieu de plaisance

263 3668 1303 118 Neuz onc besoing de manger ne de boire

258 3741 1353 127 Et les grans biens qui de ce lieu uenoient

263 3841 1307 108 Si noblement tous mes sens detenoient

258 3913 1462 127 Que a autre riens sans faulte nentendoient

258 4008 1299 127 Que a les embler et remectre a memoire

258 4163 1466 154 Par dieu mes yeulx ne auoiẽt pas puissance

263 4258 1021 118 De regarder le lieu a suffisance

258 4339 1299 141 Tant me plaisoit la ioyeuse ordonnance

267 4430 1072 118 De la contree ou toute ioye estoit

263 4525 1148 182 De fois en autre en terre regardoye

1829 299 1212 181 Et tellement mon entente y mectoye

1829 453 1262 118 Que bien souuent ie my entreoublyoie

1829 535 1285 131 Du grant plaisir que le lieu me prestoit

1824 711 1171 114 La ueissiez le hault boys dune part

1829 793 1216 123 Dont nulle foys plaisance ne se part

1820 897 1067 109 Assiz en ung tresgracieux regart

1820 975 1171 113 Qui resonnoit du chant melodieux

1824 1047 1471 136 De mains oyseaulx qͥ haultemẽt chantoient

1829 1142 1384 114 Et mains accors nouuellement trouoient

1833 1228 1162 123 Et a peu pres musique reforgoient

1820 1324 1466 131 Tant me sembloiẽt leurs chãs doulx ⁊ ioyeux

1820 1478 1207 127 Mes oreilles se efforcoient de embler

1820 1582 1471 118 Aucuns doulx chãs pour les mieulx assẽbler

1824 1677 1362 114 Une autre foys: et leurs chans rassembler

1820 1759 1221 109 Mais par ma foy ie neusse peu suffire

1829 1850 1316 104 Car quant iauoye aucun temps escoute

1824 1927 1235 113 Dung des coustez quelque nouuellete

1820 2009 1239 122 Uenant dailleurs quelque nouuellete

1824 2104 1308 118 Men destournoit sans pouoir contredire

1829 2272 1230 127 Iose dire que oncques iour de ma uie

1820 2358 976 118 Nauoye ouy si gente melodie

1824 2453 1199 118 Ne de doulceur si richement fournie

1815 2525 1162 118 Que ioy lors en ce plaisant bocaige

1820 2607 1384 127 Mains oysillons de leurs gentes gorgetes

1824 2716 1199 104 En uerbloyent faisoient des fossetes

1820 2802 1348 104 Tant plaisantes et tant dautres chosetes

1820 2888 1234 127 Que en uerite se sembloit droicte rage

1820 3029 1030 145 Apres que ieuz selon la petitesse

1824 3129 1226 131 De mon engin tout nourry en rudesse

1824 3237 1135 105 Congnuz ce lieu de parfaicte lyesse

1815 3315 1344 122 Tant gracieux/ tant gent/ tant delictable

1829 3396 1166 118 Ieuz uoulente dentrer en ce bocaige

1820 3482 1457 127 Pour mieulx chercher ses boys a lauantaige

1820 3578 1266 127 Et iestoye pour ceste heure au passaige

1820 3650 1012 136 De la forest de uouloir amiable

1820 3813 1021 141 A lentree de cest noble pourpris

1833 3900 1176 136 Ie me trouuay de tous les entrepris

1820 4004 1362 122 Dung noble roy de grant loz et hault pris

1811 4095 1348 113 Qui gentement cõme il le sceut bien faire

1820 4190 1162 104 Me demanda en gracieux langaige

1820 4267 1366 118 Et en termes dung puissant prince et saige

1820 4349 1275 131 De mon estat: mais a mon aduantaige

1815 4430 1199 132 Luy descouury partie de mon affaire

1824 4530 1217 131 Et apres ce ie obtins par sa franchise
