4267 5617
933 436 1408 119 De bon aduis pour bien dicte: et pour saige

933 518 1130 112 En desirant lennuy et le dõmaige

933 602 1127 115 De noz nuysans et leur confusion

936 689 1064 116 Et en ce soir/ prismes conclusion

927 777 1179 115 Assembleement tous dune affection

933 870 1273 112 De nous mectre en lamoureuse queste

933 951 1064 116 Et lacheuer par grant deuocion

933 1039 1067 115 En reuerence et uraye intencion

927 1120 1301 181 Maulgre danger et sa gent deshonneste

930 1282 1027 134 Et ainsi tous cinq le iurasmes

927 1388 1027 109 Pour acomplir nostre promesse

930 1485 1151 97 Et tresdesirans nous trouuasmes

927 1557 1023 134 De faire ennuy grief et rudesse

927 1650 777 109 A enuie ceste traistresse

918 1713 997 145 Qui nous blecoit par faulsete

918 1820 974 113 Mais en fin actendions liesse

918 1905 866 117 Par le secours de loyaulte

927 2072 1167 124 Nous menasmes ce soir grant ioye

923 2187 853 100 Pour festier secret pencer

930 2253 1061 124 Et dieu scet quel plaisir iauoye

920 2346 924 116 A ouyr chascun bien parler

923 2443 918 97 Et courageusement uouer

917 2515 1361 168 Haulx ueux tous a lhonneur des dames

923 2608 856 106 Cestoit plaisir a escouter

917 2686 1236 150 Ce que pour lheure nous uouasmes

914 2780 1071 112 Apres moult destranges propos

917 2870 1214 113 Dont nous parlasmes longuement

2503 436 996 110 Trestous alasmes pour repos

2503 533 1058 112 Aux litz/ endus bien gentement

2500 614 1133 116 Que nous trouuasmes richement

2506 705 1008 103 Fais/ et parez de toutes choses

2512 798 924 110 Et charges tresespessement

2509 873 990 116 De fleurs odorans et de roses

2503 1017 939 146 Ceste nuit assez reposasmes

2506 1126 1086 119 Comme iusques a laube du iour

2506 1223 1058 103 Et a ceste heure nous leuasmes

2509 1307 1058 106 Comme ennuyez de long seiour

2512 1388 1024 122 Et chascun se arma a son tour

2506 1482 1117 115 Legierement a qui mieulx mieulx

2509 1572 915 97 Des armes de loyal amour

2506 1647 980 144 Pour soy garder des enuieux

2503 1806 908 144 Assez tost fusmes apprestes

2506 1912 940 106 Montez et armes richement

2506 2009 796 97 Desirans et entalentes

2509 2081 974 115 Dacomplir souuerainement

2500 2181 1027 106 La queste que amoureusement

2503 2268 1064 109 Auions le soir deuant emprinse

2506 2349 1236 119 Dont de puis eusmes maint torment

2506 2437 918 112 Par trahison et par faintise

2618 2602 1364 134 ¶ Icy sen uont a ung chasteau enuiron

2622 2718 1360 96 ne despines et de ronces/ et trouuent dan¬

2628 2799 1354 140 gier ⁊ autres qui se combatent cõtre eulx
