4267 5538
948 430 760 102 A enuie plaine de rage

954 507 1068 129 Et monstra bien quil estoit saige

957 615 902 92 En parlant assez fierement

954 683 1044 123 Et tousiours a son aduantaige

957 784 890 99 Chargoit enuie sagement

1169 923 638 126 ¶ Le uray amant

960 1102 249 388 E

1223 1102 698 130 Nuie selon ta nature

1222 1209 1068 101 Ie suis seur quoncques creature

1219 1282 900 111 En meurs bien condiciõnee

1209 1361 1215 152 Ne fut onc pour quelque aduanture

957 1452 856 117 Dicte de toy necte ne pure

957 1547 1013 102 Nen ses biens de par toy louer

957 1642 844 87 Car tu es enuie nommee

948 1704 1191 148 Qui meurs quant bonne renommee

957 1809 622 110 En ton prouchain

954 1882 890 117 Est aucunement essaulcee

954 1987 908 114 Car tu es en ton pechie nee

948 2055 600 138 Pour tout certain

954 2209 939 132 Si tu deuoyes uiue enrager

951 2316 846 114 Si te diray ie plainement

948 2415 1034 110 Que tu ne nous peuz oultrager

954 2498 1068 114 Sans nous traicter iniustement

951 2593 1007 108 Car tu ne pourroys iustement

945 2664 932 123 Adeuiner sur nous que bien

954 2753 856 105 Et se tu le ditz autrement

948 2845 1019 120 Tu mens/ ⁊ dy quil nen est rien

951 3012 1157 123 Mais se nous auons ancuns biens

954 3092 1025 116 Meschante folle que ten chault

954 3187 982 120 Ce nest ne de toy ne des tiens

963 3279 881 105 Ie le te dy ainsi tout hault

954 3359 963 120 Et se tu nous hez il ten fault

951 3455 874 104 Mesdire de meilleur de toy

951 3528 1053 105 Pour nous liurer mortel assault

954 3615 1019 135 Par dueil/ et mettre en desarroy

951 3768 890 133 Regarde la belle uengence

957 3885 976 105 Que tu prens de tes ennemis

957 3978 967 101 Que de mentir a ta plaisance

957 4045 1118 126 Sur ceulx dont tu peuz uollair piz

957 4150 1090 105 Tu te metz en mains grans perilz

960 4233 942 102 De te faire par ton oultraige

954 4307 813 111 A foller/ car tu as acquis

960 4390 1007 123 Ennemis par ton fol langaige

954 4553 963 129 Quen a affaire doulx accueil

960 4651 1053 170 Se iay ta grant hayne encourue

2506 433 1225 111 Len dois tu pour tant mettre en dueil

2515 510 963 108 Meschante uieille malostrue

2512 603 1120 113 Ta mauluaistie est bien congneue

2515 692 1167 117 De charger autruy pour ma hayne

2515 787 816 96 Tu en auras la reuenue

2512 864 911 120 Une fois a ta male estraine

2509 1009 1040 126 Regarde quelz tesmoings tu as

2515 1122 1108 111 Qui nous cuident estre mauluais

2518 1202 1053 114 Par eulx mesmes nous iugeras

2524 1279 939 127 Estre bons en ditz et en faitz

2515 1378 1090 114 Ung mauluais ne mesdit iamais

2518 1452 994 114 De cil qui tient a compaignon

2515 1553 942 105 Bonte ne treuue nulz forfaiz

2509 1621 1185 151 Sur ceulx qui sont soubz bon renom

2518 1784 942 126 Si mensonge mesdit de moy

2527 1898 862 95 Elle mapreuue ueritable

2518 1978 985 117 Puis quelle me desioint de soy

2521 2064 1081 117 Et pour ce en suis ie plus louable

2518 2138 871 120 Se a trahison desagreable

2521 2236 970 114 Suis/ ie suis hors de trahison

2524 2313 973 123 Et a loyaulte plus semblable

2524 2415 862 120 Selon droit et selon raison

2518 2575 1077 123 Le blasme de tous tes tesmoings

2518 2670 1176 123 Dont par eulx nous cuides charger

2524 2750 991 111 Nous aydera a tous besoings

2518 2845 973 111 A nous de blasme descharger

2518 2938 1013 107 Car par eulx on pourra iugier

2515 3008 853 120 La difference dentre nous

2524 3101 982 104 Et uous des uices encharger

2524 3181 1170 141 Dont par droit serons tous absoubz

2924 3338 385 150 ¶ Lacteur

2515 3492 899 147 Adonc le fel dangier ialoux

2515 3621 973 114 Parla comme homme forcene

2518 3722 933 108 Ainsi fierement deuant tous

2739 3858 425 157 ¶ Dangier

2526 4024 240 397 I

2770 4015 956 147 E me tiens bien pour raualle

2775 4130 877 120 De me ueoir ainsi refoulle

2770 4213 1076 162 Deuant mes gens de telz ribaulx

2761 4305 928 120 Qui ainsi mont deshonnore

2509 4405 1086 117 Par leurs soubtilz parlers ⁊ caulx

2506 4491 837 108 Certes enuie ie te despite

2515 4578 791 95 Se ie nay la commission

2506 4658 886 163 De les liurer a mort subite
