4267 5462
206 400 725 118 Et a enuie tous iurez

200 546 1013 142 Lung me boustoit despitement

197 652 1165 133 Pour faire aux autres grant plaisir

194 749 907 103 Lautre me tiroit asprement

197 831 992 118 Pour moy greuer de desplaisir

194 919 992 103 Autres me uenoient escharnir

194 995 1101 130 Et dire plusieurs grant oultraige

194 1092 916 109 Aucuns pour moy auillenir

200 1177 1059 130 Me uenoient cracher au uisaige

197 1329 983 133 Et les plus piteux de la route

194 1447 1026 97 Me frappoient de gros bastons

200 1541 935 85 Et iouoient a la saqueboute

194 1614 1189 127 De moy mains oultrageux garsons

194 1696 895 109 Et me nauroient a tastons

200 1799 986 85 Cueur et corps generalement

197 1878 1023 106 En criant. Or a luy/ frappons

200 1954 971 133 Sur cest malostru garnement

197 2108 780 122 En ceste facon fu mene

200 2218 1001 121 Iusques a ceste mauldite tour

197 2318 810 88 Et la ie feuz emprisonne

200 2388 898 118 Incontinent et sans seiour

194 2491 871 85 Et batu de nuyt et de iour

197 2576 968 103 Enferre de piedz et de mains

194 2658 1029 103 Chargie de froit tout a lentour

191 2743 1144 112 Qui me rendoient tormens mains

191 2888 749 140 La a este le purgatoire

194 2988 983 119 Ou iay fait longue penitance

200 3086 1047 100 Et amere: sans que en memoire

197 3180 1107 109 Eusse dauoir fait quelque offence

200 3252 901 122 Digne de si aspre uengence

200 3343 904 113 De laquelle par uoz uenue

200 3431 1004 116 Iay seure et bonne deliurance

203 3519 1026 137 En tresbien heureuse aduenue

200 3671 1001 137 Et quant il eut tout racompte

203 3774 1035 119 Ses maulx/ il se mist a genoulx

200 3862 859 110 Disaut en grant humilite

203 3941 1132 134 Ie uous mercie humblement tous

197 4035 962 110 Qui suis cy deliure par uous

203 4123 1144 125 Des maulx que mon cueur porte a

203 4226 1156 107 Et hault uouloir courtois et doulx

203 4296 807 119 De terre adonc le releua

206 4445 947 133 Et luy paroffrit plainement

200 4569 904 107 Luy et toute sa compaignie

212 4645 1144 191 De bon cueur/ au commandement

1754 379 1025 112 De ce ieune amant sans partie

1748 482 1004 97 Pour luy aider encontre enuie

1754 549 1338 136 Et tous ceulx qui luy uouldroient nuyre

1751 649 998 103 Puys quil estoit de la mesgnye

1751 743 1256 115 Damours que dangier ueult destruire

1754 886 992 133 Ainsi que nous parlions a luy

1757 989 1022 118 Nous oysmes de tresbien loing

1751 1083 1074 109 Ung merueilleusement hault cry

1751 1156 1062 115 Qui sembloit bien auoir besoing

1751 1250 1113 133 De aide/ dont tous en grant soing

1757 1350 880 97 Fusmes pour laler secourir

1754 1429 974 109 Et tous escoutions a ce coing

1751 1511 904 109 Qui faisoit la uoix retentir

1754 1656 977 149 Ce cry tousiours senforcissoit

1751 1775 883 100 Par le boys qui retentissoit

1757 1847 913 122 Et nous hastoit de secourir

1754 1948 895 118 Et le dueil qui du cry yssoit

1751 2023 1150 125 Et noz cueurs fort nous marrissoit

1757 2108 1035 128 Et nous faisoit souuent fremir

1748 2193 892 113 Pour le tresamer desplaisir

1748 2275 1132 143 Quen doubte nous oyons souffrir

1751 2385 728 103 A cil qui ainsi sescrioit

1748 2454 1104 128 Que nous iugions prest a mourir

1748 2551 989 116 Ainsi que nous pouoyons oyr

1754 2627 1059 146 Par la uoix qui de loing uenoit

1751 2715 834 113 Lors secret penser sescria

1748 2809 861 143 A haulte uoix et dist ainsi

1966 2958 577 152 ¶ Secret penser

1757 3137 783 143 Allez bien tost a ce cry la

1757 3243 795 116 Et ie seul demouray icy

1760 3350 862 94 Car ie cuide la dieu mercy

1760 3416 1032 134 Sauuer cest amoureux malade

1972 3571 398 137 ¶ Lacteur

1766 3768 237 387 E

2021 3768 838 114 Et ainsi partismes de luy

2012 3841 1007 128 Pour acheuer ceste ambassade

2000 3941 1207 125 Tant que cheuaulx pouoient courre

2000 4023 1144 115 Nous prismes adoncques a courir

1763 4117 989 109 Pour celluy qui crioit recourre

1769 4211 847 97 Et des larrons le secourir

1760 4284 1162 112 Car les murtriers faisoient mourir

1754 4372 1280 131 Mains urays amaus par leur oultrage

1769 4475 916 100 En ce boys de dur desplaisir

1766 4548 998 115 Dont cestoit pitie et dommage

1763 4648 1080 179 Nous entrasmes dedans le boys
