4267 5596
1010 422 1002 131 Sans tenir ne chemin ne uoye

1013 516 937 118 Sinon en ensuiuant la uoix

1013 606 871 99 De refroidie et morte ioye

1007 680 1117 109 Apres hault uouloir cheuauchoie

1010 780 989 93 Et les antres semblablement

1013 858 1033 118 Et tousiours la uoie escoutoye

1007 945 1082 130 Qui tant se plaignoit asprement

1001 1100 1368 149 Tant cheuauchasmes que nous ueismes

1004 1212 952 118 Parmy la grant forest espesse

1007 1290 992 124 Celluy que de si loing oysmes

1007 1395 1076 112 Naure au cueur a grant destresse

960 3455 233 387 H

1209 3469 1058 103 E fortune ie te doy bien maldire

1207 3558 1101 112 Quant a moy seul es plus cruelle

1203 3649 1219 103 q̃ au demourãt de ceulx qͥ sõt sur terre

1193 3721 1227 121 Helas amours que me uault a le dire

951 3817 1157 121 Fors seulement a degorgier mon ire

948 3901 1263 112 Qui mallement par sa fureur ma terre

951 4001 1160 108 Dueil recele le poure cueur me serre

948 4085 1157 118 Si serrement que riens ne le deserre

942 4159 1347 125 Fors pleurs et cry nourry en desplaisance

945 4262 1235 112 Ie ny scay plus autre conseit requerre

933 4333 1467 131 Fors a moy mesmes entreprendre une guerre

933 4436 1228 102 Pour racompter au long ma doleance

929 4520 1400 112 Uray dieu damours ie suis de mon enfance

926 4601 1135 146 Tien ligement et de foy et dõmaige

2575 432 936 108 Par fortune et par sa rudesse

2575 519 1026 105 Dont il se plaignoit malement

2578 606 1138 127 En la blasmant par grant aspresse

2568 690 968 121 Ainsi ou bien semblablement

2783 845 790 140 ¶ Lamant sans partie

2671 1047 1359 100 ¶ Comment lamant se complaint a for¬

2671 1128 1359 127 tune/ et les autres lescoutent mucez derrie

2671 1218 491 134 re ung buisson

2534 3469 1154 103 Et tay seruy de toute ma puissance

2534 3556 1282 103 De corps/ de biẽs/ de uueil ⁊ de courage

2534 3637 1378 124 Et ay souffert que par ton doulx messaige

2525 3721 1157 109 Aies assis mon cueur a ta plaisance

2525 3802 1353 127 Mais ma fortune est fierement sauuaige

2531 3892 1250 109 Car ie ne puis auoir que desplaisance

2531 3976 1384 127 De toy mon dieu ne me uueil pas plaindre

2528 4075 1235 100 Mais ie te pry escoute ma complainte

2534 4165 1375 97 Iay tant ame sans en amours me faindre

2525 4246 1462 112 Quen paradis neut oncques saint ne saincte

2522 4336 1465 112 Qui tant aymast de son gre sans contrainte

2525 4423 1306 106 Que iayme celle que ie tiens a ma dame

2519 4507 1300 106 Dont desplaisir me donne telle estrainte

2516 4582 1464 165 Quen chascun iour cent mille foys me pasme
