4267 5562
950 426 251 385 E

1215 380 1006 176 N cherchant les rens: il trouua

1210 523 918 121 Trahison et langue uolaige

1208 618 953 98 Et dung seul coup les aterra

1210 690 1085 121 Et leur porta honte et dommaige

958 791 968 98 La ueissiez guerre a oultraige

961 877 1064 102 Car les uauldoys y acoururent

958 964 909 98 Forcenez et remplis de rage

958 1050 989 93 Et fierement les secoururent

952 1121 934 127 La ueissiez courois trembler

958 1223 940 111 Et de toutes pars assembler

952 1297 1076 118 Les grandes batailles ensemble

949 1393 1017 111 Lung des autres desassembler

958 1473 1023 109 Et des courois aucuns embler

952 1560 1014 108 Par paour qui les desassemble

949 1643 1128 133 Lung sen hardist et lautre tremble

955 1745 989 102 Et secretement de la se emble

952 1820 1036 105 Comme entreprins de couardie

955 1900 1070 120 Et fait ainsi que bon luy semble

952 1986 1107 118 Dont souuenteffoys se rassemble

949 2082 1042 136 Aux bons pour honnorer sa uie

943 2240 893 133 La oyssiez criz merueilleux

949 2345 1051 108 De toutes pars en mains lieux

946 2441 952 105 Des naures en ceste bataille

939 2524 903 105 La estoit ung lieu perilleux

943 2604 964 105 De rencontre et malheureux

936 2694 1058 102 Pour ceulx que fortune detaille

936 2774 981 118 On frappoit destoc et de taille

936 2873 1216 105 On fiert/ on frappe/ on tue/ on maille

939 2954 978 114 Cest grant horreur de ce uoir

936 3037 1110 114 Amonrs commande quon assaille

943 3120 1004 115 Incontinent ceste chiennaille

939 3201 1052 145 Dont chascun y sait bon deuoir

939 3371 940 133 Dangier/ trahison/ flaterie

936 3482 913 114 Menconge/ faulse ypocrisie

933 3553 1104 124 Mesdit sousdain parler oultraige

943 3646 927 114 Souspecon de faulse heresie

939 3745 761 98 Decepcion et menterie

933 3828 1166 108 Langue sans frain/ langue uolaige

939 3921 928 89 Et tout leur menu couraige

936 4004 1036 99 Faisoient darmes droicte raige

939 4081 981 118 Sur toute lamoureuse armee

939 4171 1206 127 Et faisoient maint grant dommaige

939 4254 1021 127 Et nous mectoient a hontaige

933 4335 758 139 Par une trahison celee

927 4495 915 140 Dangier le uilain a massue

933 4610 1052 99 Contre nostre ost tant sesuertue

924 4687 1005 204 Quil fait merueille a regarder

2529 444 1002 112 Il assomme lung/ lautre il tue

2520 540 1103 105 Tant que tout le corps luy tressue

2520 624 986 102 Aux coups departir et donner

2523 710 906 108 Et trahison et faulx parler

2526 787 933 115 Si se sceuent bien esprouuer

2520 874 1193 139 Dont plusieurs sont mors et naures

2526 1025 782 136 Ialousie uenoit darder

2523 1140 646 105 Et ypocrisie larder

2523 1214 782 120 Secretement les affolez

2516 1313 916 102 Toute la route faisoit raige

2523 1387 884 120 De nous faire a oultraige

2516 1480 681 111 Pour aucun temps

2520 1569 1026 115 Car elle se couuroit dombraige

2520 1646 1020 133 Dune trahison bien sauluaige

2520 1733 568 102 Pour les amans

2520 1816 1066 127 Durant le temps de ses contens

2520 1918 952 96 Enuie dangier et leurs gens

2520 2002 1017 120 Estoient assez fiers et puissans

2520 2091 590 93 Et surmontoient

2507 2159 1147 146 Les bons/ les loyaulx/ les scauans

2516 2258 882 118 Et les enuieux mesdisans

2513 2348 575 96 A dueil liuroient

2510 2499 903 136 La tresgracieuse esperance

2513 2601 1178 130 Hault uouloir/ bon aduis/ prudence

2513 2697 999 111 Doulx regard/ loyal souuenir

2510 2781 1138 126 Plaisant maintien et actrempance

2516 2861 866 120 Force/ uerite et souffrance

2513 2941 1005 121 Doulx acueil et plaisant desir

2507 3040 983 105 Pour les bons amans resioyr

2513 3127 906 105 Et en leur douleur secourir

2504 3207 977 114 Uindrent a noble compaignie

2504 3293 912 121 Et firent trembler et fremir

2510 3405 922 95 Noz ennemis en leurs uenir

2504 3482 1051 130 Maulgre dangier et toute enuie

2504 3630 826 118 Esperance uint enferrer

2510 3735 844 108 Dangier: et a terre uerser

2504 3825 906 105 Deuant sa cruelle mesgnie

2501 3918 795 99 Loyaulte reuint aterrer

2501 4001 878 117 Trahyson et treffort serrer

2501 4094 767 102 Ceste sorciere ypocrisie

2501 4168 748 105 Uerite ne reffaillit mie

2495 4261 816 105 A menconge et a flaterie

2492 4338 1026 117 Qui nactendoyent que la mort

2492 4434 949 117 Prudence par grant felonnie

2489 4529 899 112 Retumba oultraige et folie

2495 4616 983 145 Mesdie et oultrageux rapport
