4267 5600
936 410 1115 112 Me commenca en doulx langaige

939 497 987 109 A destourner comme tressaige

936 575 996 121 Le demourant de son courage

943 675 575 115 Sans riens celer

946 818 1064 137 En disant pour amy uous tien

939 933 925 99 Pour ce ne uous cele ie rien

943 1004 1117 125 Aincois suis content et uueil bien

939 1110 1043 94 Que uous sachies ma maladie

949 1197 1046 94 Et grant pieca que ie congnois

938 1278 878 112 Uo loyaulte et maintefois

938 1353 882 121 Lay esprouuee et telle fois

939 1449 1192 125 Que uous ne uous en doubtiez mie

933 1605 1046 135 Uous auez asses congnoissance

938 1708 794 130 Par euident experience

943 1795 1223 133 Que ieunes gens prennent plaisance

943 1882 491 112 Diuersement

933 1963 1021 124 Les ungs mettent leur estudie

933 2053 981 115 Aux haulx faiz de cheualerie

936 2143 915 137 Et en armes usent leur uie

939 2252 567 115 Honnoreement

939 2370 1034 156 Et les autres uont a la chasse

933 2495 987 130 Par plaisance qui les y chasse

936 2582 1108 140 Et aucun nest qui me pourchasse

930 2666 697 127 Que bons oyseaulx

930 2750 1021 134 Pour bien uoler a son souhait

936 2852 934 116 Et estre en ce deduit parfait

930 2927 1043 131 Ung autre mettra tout son fait

939 3020 651 156 En bons cheuaulx

930 3182 1052 134 Autres uouldront rire ⁊ chanter

936 3285 819 106 Esbatre iouer et dancer

930 3372 1043 106 Autres se uouldront aduancer

933 3462 925 112 Par souplece et esbatemens

933 3546 1009 128 Et en ce point les ieunes gens

930 3630 1030 125 Usent diuersement leur temps

933 3724 1062 118 Et trespassent leurs ieunes ans

933 3814 1058 180 Par plaisir dont ilz sont contens

936 3966 953 134 Il y a mainte autre maniere

927 4066 974 109 Mais de toutes ie me deporte

927 4162 962 112 Pour retourner a la matiere

924 4237 990 134 Qui mest tresaisee et trefforte

927 4333 591 106 Hardie en crainte

930 4399 984 133 De cueur de corps et de uueil

930 4498 840 112 Et ay de tout auoir saisy

933 4598 850 109 Ie me suis de gre dessaisy

930 4688 956 140 En esperant ou ioye ou deul

2533 410 1136 134 Cest en brief toute ma complainte

2536 578 878 128 Ie me suis uoulu asseruir

2530 668 1036 116 Pour bien et loyaulment seruir

2527 765 880 115 Amours et grace desseruir

2533 855 573 106 En bien seruant

2533 917 1039 125 De cueur entier parfaictement

2533 1029 1039 97 Desirant uouloir oultreement

2533 1123 940 96 Sans eschang aucunement

2530 1191 906 137 Ce que uoy premierement

2536 1344 1027 140 Iay assis mon cueur a mon gre

2536 1468 896 112 En ung tresor de loyaulte

2530 1552 775 106 Enrichi de toute bonte

2527 1633 737 106 Garny de gracieusete

2527 1726 681 97 La fleur des dames

2527 1804 1036 112 Par lennortement de plaisance

2527 1897 871 115 A la ponrsuite desperance

2530 1991 1021 105 Et le pourchas de souuenance

2530 2068 977 122 Et la sauoureuse ordonnace

2527 2149 1164 147 Des ioyes que ont et corps et ames

2524 2299 955 140 Helas mon frere et mon amy

2536 2414 934 115 Ie me suis subzmis a mercy

2530 2510 1014 128 Et suis content de uiure ainsi

2530 2588 501 115 En attendant

2520 2672 859 124 Guerison de ma maladie

2527 2765 1142 112 Douleur/ ou/ ioye/ ou mort/ ou uie

2527 2865 980 118 Loctroy de ma dame et amye

2533 2943 557 109 En languissant

2732 3024 399 127 ¶ Lacteur

2548 3094 253 410 C

2825 3101 881 137 Ors sa parole entrerompiz

2825 3220 856 90 Dune demande que ie fiz

2825 3304 1043 124 Touchant les dangiers et perilz

2816 3394 567 102 Des amoureux

2530 3465 1214 125 Soubz telz motz/ on dit quen amours

2520 3568 1021 93 Pour une ioye a cent doulours

2527 3652 1105 121 Uous qui scauez dancer les tours

2520 3727 635 118 Com douloureux

2511 3867 1208 168 Ou trouues uous plus de plaisance

2517 3988 1043 121 Que de deul ou de desplaisance

2520 4078 956 122 Dictes par uostre conscience

2517 4159 1149 140 Se en amours a plus ioye que deul

2520 4259 894 99 Et selon ce que respondres

2508 4333 1092 137 Ou lung ou lautre uous pourres

2511 4442 943 94 Ouir mon aduis et prendres

2514 4514 872 162 Sur ce proufitable conseil

2508 4669 1015 147 Et par ma foy le ieune amant
