4267 5462
206 376 1065 112 Et touteffoys toutes ces paines

206 473 1150 115 Sont perdues: et pour moy uaines

203 558 1062 109 Puis que iayme sans estre ayme

203 637 1202 121 Pour ce ay ie par maintes sepmaines

206 725 1029 115 Endure douleurs inhumaines

203 822 922 94 En mon poure cueur recelle

206 892 932 127 Et affin que ne soye blasme

203 992 1044 100 Damours: a qui iay tout donne

212 1071 1008 121 Ie maintiendray toute ma uie

200 1165 892 112 Foy a ma dame et loyaulte

200 1241 989 124 Et pour en faire a son bon gre

200 1326 892 127 Sa uoulente soit acomplie

197 1477 1074 137 O hault dieu damours se iosasse

197 1590 1111 124 Moult uoulentiers ie demandasse

197 1675 989 115 Que par [t]a bonte et franchise

194 1766 953 115 Tu me feisses entrer en grace

200 1851 983 118 De celle que toute autre passe

197 1939 895 109 Par grace especiale acquise

197 2027 1038 115 Hellas crainte en seroit reprinse

197 2105 1035 116 Des enuieux plains de faintise

197 2206 1189 109 En chargant lhonneur de ma dame

197 2278 980 116 Pource: na loy mon entreprise

197 2379 1044 106 Car lhonneur a crainte requise

194 2460 925 116 A la contregarder de blasme

197 2609 1114 125 Et certes mieulx uouloye mourir

194 2712 1186 131 Quen riens son deshonneur souffrir

200 2815 989 107 Son ennuy ne sa desplaisance

200 2903 935 104 Puis qua loyaulment seruir

197 2994 916 85 Amours ma uoulu asseruir

197 3070 919 125 En la conduitte desperance

628 3213 406 164 ¶ Lacteur

209 3354 291 437 A

505 3395 879 127 Ce mot fist lamant silence

505 3491 1052 118 Comme ayant amere nuysance

519 3586 974 119 En souspirant parfondement

505 3668 1075 182 Comble et plain de desesperance

200 3771 983 94 Renouuela sans demourance

203 3850 1007 137 Son cry comne premierement

197 4002 919 124 Apres ce cry souldainement

203 4105 941 112 Oysmes ung terrible escrois

209 4196 962 103 De tempeste: ⁊ certainement

212 4275 1065 131 Il sembloit quon plessast le boys

206 4363 898 109 Tant estoit horrible la uoix

212 4445 1156 118 Des desloyaulx diables uauldoys

209 4548 1056 146 Dont tous ensemble touteffoys

1781 364 895 136 Feismes le signe de la croix

1775 518 1150 125 Et tantost a cheuaulx montasmes

1772 637 1017 106 Pour cuyder aler uers lamant

1778 703 1314 137 Sans partie: mais nous ne trouuasmes

1772 795 995 118 Uers luy sentier petit ne grant

1778 883 1007 103 Et cest amant comme scauant

1778 967 910 122 Sestoit boute au plus espes

1784 1071 862 97 De cest forest pour garant

1772 1137 1038 155 Dont nous en estions assez pres

1769 1292 907 161 Bon aduis qui oyt la noise

2191 1459 494 161 ¶ Bon aduis

1757 1665 287 387 D

2054 1638 1187 152 Ist lors: seigneurs la gent uaudoise

2053 1752 747 118 Uient icy faire sacrifice

2049 1834 783 114 A enuie la felle pragoise

2044 1907 1189 168 Nous oyrrons ains quelle sen uoise

1769 2005 995 149 Faire ung bien gracieux office

2197 2175 394 146 ¶ Lacteur

1766 2333 1013 130 Hault uouloir qui tant propice

1763 2442 1068 122 Qui nauoit sur luy quelque uice

1766 2536 1074 131 Commenca ung peu a soubzrire

2191 2664 610 170 ¶ Hault uouloir

1760 2849 822 149 Disant on en fera iustice

1760 2964 1123 115 A dieu plaist: car leur grant malice

1760 3055 1101 158 Requiert le feu pour tout martire

2215 3210 1004 127 ¶ Comment dangier/ enuie/

2209 3316 1038 106 diuision et leurs adherens sont

2212 3419 1038 91 armes de uieilles armeures/ de

2206 3486 1041 118 uieulx bastons/ iacquetz et au¬

2191 3574 1053 109 tres uieulx instrumẽs de guerre

2203 3677 1041 91 pour faire une assemblee contre

2209 3756 1035 125 lamant et ses compaignons/ et

2209 3838 649 131 lacteur les regarde.
