4267 5617
977 539 867 122 De conseil usez de ces sept

973 624 896 131 Uertus icy: et sans faintise

973 711 1071 140 Uous aurez des biens a soushait

1376 879 396 132 ¶ Lacteur

1011 1269 221 0 I

1236 1051 842 125 Ncontinant que loyaulte

1245 1139 921 124 Eut parle du tout a sa guise

989 1419 1202 110 Nous firent par leur grant franchise

1242 1235 830 116 Prudence ⁊ debonnairete

986 1504 1080 106 Apporter deux tresgentz harnois

1236 1329 992 100 Et autre: entre toutes exquise

986 1594 1052 122 Pour conduire nostre enteprinse

1021 3477 262 394 A

1297 3487 787 121 Pres le congie gracieux

1307 3579 1084 109 Des gentes dames: doulx regart

1306 3665 989 121 Ce tresplaisant aduantureux

1306 3749 797 117 Nous refestia de sa part

995 3835 1012 124 Iusques a ce quil fut bien tart

986 3931 1008 106 Comme sur lheure de minuyt

986 4013 1005 115 A ceste heure se dieu me gart

992 4091 1143 143 Nous couchasmes pour ceste nuyt

989 4259 1121 122 Et quant ce uint au point du iour

986 4350 1211 124 Hault uouloir uint moult gentement

989 4456 971 93 Arme darmes de uray amour

1001 4531 1065 109 Et bon aduis semblablement

992 4630 1046 110 De par les dames doulcement

995 4702 1205 125 Nous esueillier pour nous conduire

983 4796 1361 109 Hors des dangiers plamierement

2534 524 802 131 A leslit donneur et chois

2537 689 1008 134 Depuis toutes firent promesse

2540 786 899 118 Nous ayder generalement

2540 867 962 115 Contre dangier et sa rudesse

2537 958 996 109 Et leur puissance plainement

2540 1051 1199 109 Dont nous deux dung assentement

2534 1135 1027 110 Aincois que partissions du lieu

2534 1223 1005 103 Les merciasmes humblement

2543 1310 1012 112 Et les commandasmes a dieu

2765 1463 1242 153 ¶ Icy uiennent hault uouloir et bon

2768 1569 958 112 armes a la porte du chasteau.

2537 3473 1364 140 De tous ceulx qui nous uouloient nuyre

2540 3638 1018 122 Et dieu scet se ilz estoient prisez

2540 3744 1277 106 En mon cueur pour leur gent maintien

2540 3822 968 106 Ce sembloient anges armes

2534 3897 1130 131 Tant leurs seoient les armes bien

2534 3994 1093 122 Oncques mais homme chrestien

2540 4084 931 125 Ne uit plus gracieuses gens

2540 4169 1071 128 Ne plus parfaitz en trestout bien

2540 4250 1236 140 Ne mieulx parlans: ne plus plaisans

2528 4409 889 128 Assez tost fusmes apprestez

2537 4531 1046 93 Et a layde deulx deux armes

2531 4609 1127 106 Des harnoiz que nous ont donnez

2531 4690 556 115 Dame prudence

2528 4783 868 178 En signe de seure aliance
