4267 5462
218 400 1253 118 Ce ieune homme et sa grant douleur

224 491 1187 128 Sans quil nous sceust aucunement

215 582 1056 112 Riens racompter de son maleur

221 664 1014 112 Et certes cestoit grant horreur

218 746 1129 121 Comment il trembloit asprement

221 843 986 121 Nous en auions toute freieur

215 937 813 112 A le regarder seulement

215 1083 1174 145 Touteffois en ung doulx langaige

221 1195 883 103 Entrerompu piteusement

215 1283 1272 112 Par froit dont cestoit grant dommaige

227 1359 1002 115 Il nous pria bien doulcement

212 1447 1083 121 Que nous le missions seulement

215 1541 1062 106 Hors du lieu qui tant froit estoit

215 1635 1047 100 Ou il mourroit prochainement

221 1711 1026 136 Selon ce quil nous racomptoit

218 1866 1068 142 Et pour ce le mismes nous hors

221 1969 859 124 De celle prison despiteuse

221 2057 1062 112 Et quant il sentit lair frais/ lors

215 2160 986 115 Monstra il chere assez ioyeuse

224 2245 759 100 Et la froidure rioteuse

215 2315 1071 121 Qui le contraingnoit a trembler

224 2406 977 127 Ne sembloit pas si uertueuse

221 2500 1062 133 Aincoys faignoit de luy sembler

218 2673 1150 112 Quant nous uismes quil reuenoit

221 2764 768 106 Ung petit en prosperite

227 2843 1084 130 Et que son grant mal sacroissoit

230 2937 871 121 Apres ceste aspre aduersite

1814 388 868 121 Nous en fusmes en uerite

1805 470 1047 130 Tresbien ioyeux parfaictement

1808 561 814 121 Et par grande legierete

1799 646 1029 145 Le defferrasmes promptement

1805 801 908 139 De fois en autre il palissoit

1805 910 1126 103 Tant qui sembloit que lame yssoit

1805 995 1190 118 Du corps par tresgrande contrainte

1805 1077 1035 121 Autre heure forment souspiroit

1811 1177 899 109 Et si angoisseux mal tiroit

1802 1265 1029 106 Quil sembloit auoir uie fainte

1805 1341 1099 133 Une heure il refaisoit complainte

1814 1432 950 118 De paine petitement plainte

1811 1517 1041 106 En termes obscurs a merueille

1811 1620 1066 91 Autreffois gettoit larme mainte

1811 1696 1047 112 Dont sa face estoit toute painte

1805 1790 956 106 Qui estoit chose non pareille

1811 1875 1050 112 Et pour le ung peu reconforter

1808 1972 1032 106 Bon aduis bien et doulcement

1808 2048 929 112 Luy commenca a demander

1811 2139 1063 112 De son fait a quoy/ ne comment

1820 2227 944 115 Il auoit souffert tel torment

1820 2318 762 94 En si despiteuse prison

1817 2388 999 127 Et le ieune amant uraiement

1811 2479 935 130 Luy en rendit bien la raison

1924 2633 1371 161 ¶ Comment lamant apres quil est deffer

1924 2749 1153 142 re racompte la maniere de sa prison
