4267 5596
976 460 933 99 Tant de menues oppinions

979 544 986 105 Tant destranges conclusions

982 621 803 112 Et tant dimaginacions

976 705 1207 134 Qui font des chasteaulx en espaigne

979 798 921 116 Que nul sans faire fictions

982 886 800 121 Nen feroit declaracions

982 979 1241 124 Dont mon cueur plainde ne se daigne

985 1144 1182 121 Souuent en mon dormant tressaulx

973 1243 1197 115 Asprement pour les grans trauaulx

973 1336 865 100 Ou dame fortune ma mis

985 1420 865 109 Ie resue/ ie songe/ ie saulx

985 1492 896 109 Ie uoy batailles et assaulx

973 1573 1172 133 De ceulx quoncques ne furent uifs

982 1672 1055 118 Ie pers sens/ maintien et aduis

970 1765 1035 103 Tant me trouue damour espris

970 1852 1026 94 Et semblablement le retrouue

976 1930 849 115 Ie chante/ ie pleure/ ie ris

982 2017 995 112 Ie faiz aucuns amoureux dis

967 2098 1035 131 Ainsi suis mis a toute espreuue

961 2269 1113 121 Pour moy de ma douleur uanger

973 2362 952 122 Ie pers le boyre et le manger

964 2465 958 99 Et hez mortellement ma uie

961 2539 1013 119 Du monde me uueil estranger

964 2645 998 84 Et cent mille propos changer

961 2720 1020 115 En ung moment par fantasie

970 2801 899 108 Ie pense et si mentroublye

961 2900 979 106 En pensant: puis en frenasie

970 2978 1032 121 Ientre si fort que point ne dors

964 3074 923 103 Et nay puissance ne demye

964 3146 830 121 De congnoistre ma folie

967 3233 945 137 Ne ie ne scay qui ie suis lors

970 3391 818 134 Ie ne suis beste ne oysel

961 3503 982 100 Ains suis dhomme espirituel

957 3581 1014 124 Qui ne scay se iay mal ou bien

970 3677 970 103 Ie suis comme ange corporel

964 3764 1073 115 Ou cõme aucun corps immortel

967 3845 861 103 Or me dictes se ie dis bien

964 3942 939 111 Amours dira que ie suis sien

967 4019 1082 125 Oultreement sans que iaye rien

967 4106 936 109 Pour chose que ie puisse dire

967 4193 1119 131 En moy qui soit proprement mien

967 4293 899 106 Et seulement et tel me tien

964 4371 1101 124 Sans iamais nul iour contredire

967 4532 958 131 Et qui pis mest que tout cecy

967 4647 948 122 Amours ne me ueult a mercy

2547 460 1054 99 Prendre/ nentendre ma requeste

2550 537 1113 112 Dont ie me treuue en grant soucy

2547 637 942 87 Car ie cuide auoir bien serui

2550 708 1166 112 Et uueil bien quon en face enqueste

2544 792 1020 112 Hellas amours ie doy requeste

2544 876 976 121 Et ie cuidoye ma grace preste

2547 976 998 105 Ayez aumoins en souuenance

2537 1050 1033 125 La longue et ennuyeuse queste

2544 1140 1088 122 Ou iay tant souffert de tempeste

2544 1224 1023 122 Que de dire nay pas puissance

2550 1380 1147 137 Iay souffert pour querir plaisance

2544 1501 914 93 Une aspre et dure penitence

2547 1566 1359 146 Mains durs iours/ maintes froides nuys

2556 1672 809 109 Iay este par impacience

2547 1756 1088 93 Maintes foys naure a oultrance

2553 1837 1141 118 De grans paines et longs ennuys

2553 1918 1060 108 Pour plaisance que ie poursuis

2562 2020 1023 109 Iay souuenteffoys garde luys

2550 2089 1004 112 De nuyt: a la pluye et au uent

2544 2194 967 103 Sans en auoir amende: puis

2550 2260 1191 127 En riens doubtant desplaisant suis

2547 2375 1135 112 Que mort men souhaicte souuent

2547 2508 951 131 Iay endure mainte froidure

2544 2630 1156 102 Tonnairre/ fouldre et nuyt obscure

2547 2720 992 96 Gelee/ gresle/ et pluye pesante

2547 2791 976 112 Noif espesse sans couuerture

2544 2878 967 109 Mainte dure mal aduanture

2547 2965 1147 112 Des succroys dennuyeuse actente

2544 3049 1094 118 Plusieurs desplaisances de rente

2540 3146 1002 105 Ay eu en des nuys plus trente

2540 3227 974 108 Ou seruice du dieu damours

2540 3314 996 111 Hellas il conuient que ie sente

2537 3407 1335 143 Les douleurs: sans que amours sassente

2540 3485 877 133 Que pitie face son secours

2540 3640 1039 149 Apres uient desir qui mesueille

2547 3764 942 106 Et me met la puce en loreille

2553 3842 983 118 Si enrageement que cest rage

2547 3942 986 102 Et adoncques ie mappareille

2540 4022 874 97 A oyr samours appareille

2547 4097 979 124 Pitie pour moster de seruaige

2550 4187 945 121 Souuenir a son aduantaige

2544 4271 1128 140 Me reffait main plaisant messaige

2553 4367 858 106 De celle qui na sa pareille

2547 4455 1023 121 Ainsi suis par commun usaige

2553 4535 1110 125 Naure par leur plaisant langaige

2553 4629 1191 152 Car chascun deulx me dit merueille
