4267 5496
216 412 1185 110 Dont amours nous dit plainement

226 503 922 116 Ie suis a uous entierement

219 589 1051 131 Et uous a moy et de mon conte

213 735 1137 132 Apres que amours eut commande

210 842 1097 110 Que chascun fust en ordonnance

210 925 1048 125 Hault uouloir qui tant fut prise

213 1016 1097 116 Donneur/ darmes et de uaillance

210 1117 947 95 Demanda la premiere lance

207 1184 862 116 A amours/ et il luy donna

210 1285 865 95 Et en la garde desperance

207 1361 1039 116 Lamant et moy nous ordonna

213 1505 1045 156 Adonc ueissiez uous traict uoler

216 1627 468 119 Espessement

210 1697 914 122 Et mains enuieux affoller

210 1813 495 98 Mortellement

210 1880 914 110 Car le grant resioyssement

210 1969 1060 113 Des amoureux plain de confort

207 2054 886 110 Les nauroit si cruellement

207 2140 1014 140 Quilz sembloient iugez a mort

210 2293 1063 137 Les enuieux tiroyent ung traict

213 2402 996 126 De menconge et trahison fait

213 2506 739 98 Enuenime dypocrisie

213 2567 1036 122 De mort pourparlee pourtraict

213 2674 1048 107 Et de langue oultrageux traict

210 2748 950 125 Qui lors auoit la seigneurie

219 2833 1161 122 Sur tous les faulx archiers denuie

210 2922 779 122 Auec ceulx de sa lignee

210 3007 1201 116 Qui estoient en moult grant nombre

213 3093 1011 119 Pour destruire amoureuse uie

216 3193 990 101 Et trestous ceulx de sa partie

213 3279 1069 113 Faire honte/ ennuy et encombre

216 3435 1076 119 Ce traict dura bien longuement

213 3547 993 89 Uoyre et bleca bien largement

222 3615 1079 113 Des plus hardis de noz archiers

219 3709 1176 110 Dont hault uouloir uint asprement

219 3798 874 119 Ferant sur lenuieuse gent

222 3896 953 134 Ou tant auoit de losengiers

644 4033 589 150 ¶ Hault uouloir

226 4219 977 132 Cryez or sus me amys chiers

226 4323 1023 119 Festoyons bien ces estrangiers

222 4405 1002 141 Qui si nous cuydent rabaisser

668 4558 394 156 ¶ Lacteur

1796 393 266 394 L

2085 393 967 119 A ueissiez mains amans fiers

2085 480 898 115 Frapper a cens et a milliers

2085 540 1045 151 Sur la gent de mauluais parler

1795 729 938 138 De la faulse gent lozengiere

2080 650 876 124 La ueissiez mainte baniere

1792 833 877 113 Uerser cruellement a terre

1792 900 1173 138 Et souldre mainte grant pouldriere

1786 995 1082 119 Et mainte encontre dure et fiere

1789 1086 1042 135 Et amans loz et pris conquerre

1783 1233 886 150 La ueissiez hideuse guerre

1786 1349 1176 128 Lung lautre mortellement requerre

1786 1441 987 100 Et marteller sur ces harnoys

1792 1514 1091 113 Et hault uouloir qui tout a terre

1789 1596 1027 135 Menu et souuent uous enferre

1789 1679 1195 156 Ces mauldis desloyaulx uauldoys

1783 1847 1054 131 Le tresnoble attrempe couraige

1786 1957 999 122 Pour plus encorager ses gens

1792 2042 1143 125 Se meist dedans la gent sauluaige

1789 2125 1094 116 En cherchant fierement les rens

1786 2216 944 116 De lauãgarde des nuysans

1789 2305 1005 137 Que trahison deuoit conduire

2211 2451 736 168 ¶ Attrempe couraige

1789 2616 926 141 Et crioyt: or ca mes enfans

1786 2744 1042 135 Pensons des enuieux destruire

2226 2873 397 146 ¶ Lacteur

1778 2967 261 390 I

2053 2986 802 132 L partoit de bonne espee

2053 3077 861 133 Sur ceste gent de trahison

2057 3178 839 110 Mainte dure ⁊ aspre colee

1802 3343 833 110 Il faisoit renc a lenuiron

2057 3256 912 137 Pour les mectre a confusion

1799 3425 1096 119 De soy par si tresgrant uaillance

1792 3532 1060 110 Que nulz nosoyent ce petit nom

1792 3612 935 110 Actendre sa noble puissance

1805 3691 769 140 Il cryoit a sa clere uoix

2254 3825 739 171 ¶ Actrempe couraige

1796 3938 280 376 T

2085 3952 733 128 Rahison ou es tu allee

2076 4007 967 160 Uien ca secourir tes uauldoys

2076 4131 921 128 Que ie despars a mon espee

1799 4305 772 119 Ta cauteleuse faulsete

2080 4222 848 129 Huy uerra on a la iournee

1802 4399 956 119 Ne tu nauras point de duree

1795 4494 789 134 A lencontre de loyaulte

2241 4595 407 287 ¶ Lacteur
