4267 5462
245 482 1266 109 Pour desseruir en seruant don de grace

251 573 1324 109 De amours a qui seulement ueult seruir

251 664 1223 124 Et son honneur garder en toute place

239 813 1141 109 Mais de ces deux amour et crainte

236 907 1263 124 Uiengne au cueur dung parfait amant

242 1001 1169 109 Et sans moy est toute amour fainte

242 1089 1017 103 On le congnoist bien clerement

251 1162 880 115 Ie faiz aymer entierement

242 1247 1032 118 En ung seul lieu sans impartir

236 1341 1123 115 Cueur/ corps ne ueul aucunement

233 1432 1035 109 A tousiours mais sans departir

239 1580 859 137 En faiz/ en diz et en pensee

242 1678 953 133 Dessens seconde compaignie

239 1766 771 112 A ce faire suis adonnee

233 1851 847 109 Pour debouter toute folie

239 1939 829 103 Et bannir de lactente lye

230 2020 1084 116 Les mauldiz desloyaulx traistres

230 2115 1047 103 Qui pourchassent au iour la uie

233 2212 1220 133 Soubz fainte daucuns loyaulx tiltres

233 2348 974 140 Et quant ung amant est saisy

230 2451 1181 134 De nous troys: lors uient esperance

230 2545 935 119 Pour luy adoulcir son ennuy

233 2636 929 110 Et le remectre en asseruance

233 2727 1132 116 En promectant que par souffrance

230 2818 980 101 On aura de luy congnoissance

230 2903 1114 107 Tant quil pourra don de plaisance

230 2970 859 134 Obtenir par perseuerance

233 3119 980 146 Esperance est uraye medecine

236 3252 956 98 Encontre tous noz ennemys

236 3337 832 88 Et nourrissement iracine

233 3401 968 109 Damours/ damyes et damys

230 3489 953 125 Par esperance sont soubzmis

233 3571 1156 127 Mains desplaisirs et mains ennuis

233 3674 1126 100 Es cueurs des amans en deul mis

230 3759 977 119 Qui les auoit de ioye destruis

230 3908 1096 130 Apres nous doit estre atrempance

230 4020 996 100 Qui peult a lamant prouffiter

236 4102 1041 109 En mains lieux a sa deliurance

236 4178 953 118 Car par elle il se peut garder

236 4281 941 91 Ou donner trop de uoulente

242 4366 917 97 On ne pourroit assez prisier

242 4439 1011 127 Sa doulceur ne sa grant bonte

236 4603 856 115 Prudence la resuit de pres

236 4697 871 127 Qui iuge de chose aduenir

1799 473 847 121 Par aduis saige et discres

1799 573 1059 106 Quelle a sceu moult bien retenir

1796 661 895 103 Prudence fait lamant tenir

1790 737 947 109 Saige discret et bien parlant

1793 825 820 100 Et secretement soy tenir

1796 907 880 124 Estre gracieux et plaisant

1790 1068 1105 133 Prudence ne cherche que honneur

1796 1183 1074 97 En tout temps et ne fuit que uice

1793 1253 1038 109 Prudence hait tout deshonneur

1790 1332 968 115 Mortellement et faulx mal. ce

1793 1432 813 106 Et ayme raison et iustice

1790 1520 826 97 Equite/ doulceur/ uerite

1793 1590 810 109 Et diligence la nourrisse

1790 1675 980 139 Des uertus plaines de bonte

1790 1841 1208 140 Quant le uent de mauluais langaige

1793 1945 1181 127 Sesmeut en la grant mer doultraige

1793 2027 983 124 Pour nous faire soubstraccion

1793 2118 886 121 De lyesse adonc la tressaige

1796 2199 862 122 Se targe contre cest oraige

1790 2294 683 106 Dune dissimulacion

1793 2369 856 119 Pour au port de saluacion

1790 2451 850 122 Aborder plus legierement

1796 2545 823 101 Et uaincre par deception

1790 2639 1035 131 Tout faulx enuieux parlement

1796 2785 877 134 La septiesme uertu requise

1799 2894 1005 116 A ung amant se peult nommer

1799 2991 990 104 Force qui aide en mainte guise

1793 3064 1011 100 A qui ueult loyaulment aymer

1796 3146 1087 112 Force fait ung hault cueur garder

1796 3243 959 103 En toutes fortunes commun

1790 3310 1190 134 Pour ioye peu ne pour dueil troubler

1796 3401 1023 137 Force le fait tousiours tout ung

1793 3574 1029 131 Force fait les grans faiz souffrir

1796 3680 920 100 Qne les amans ont a porter

1793 3750 950 112 Force les fait pres ad ce offrir

1790 3850 877 97 A maulx infinis supporter

1796 3938 832 97 Force les aprent de porter

1796 4014 1162 124 En leurs douleurs sans sen douloir

1796 4108 956 94 Sens par ioye les reconforter

1790 4190 1123 118 Par trop/ fors en commun uouloir

1787 4336 1068 142 Ueez cy en brief ce quil me semble

1793 4448 1071 106 Prouffitable a uostre entreprinse

1787 4539 1023 112 Uous les auez toutes ensemble

1793 4618 1108 124 Dedans uous par science acquise

1790 4703 1056 185 Mais pour ce qne mauez requise
