4267 5617
877 486 1273 134 Ie uous mercy grace: mais touteffoys

870 577 1311 131 Que iaye en fin une souppe en uoz pois

874 677 1123 121 Le present est gracieux et courtois

886 764 1164 125 Ie dormiray iusqua demain matin

886 845 1236 122 Iay du pauot: sus sus gentilz galoys

874 936 1261 128 Reueillons nous: sonne hay tabourin

1529 1026 521 119 Pour le congie

1307 1173 556 156 ¶ Languissant

886 1363 1277 122 Adieu uous dys grace tres amoureuse

886 1454 1280 118 Au departir humblement uous priant

886 1557 1214 112 Que desormais soit en grace ioyeuse

889 1632 1345 177 Par uostre uueil lamoureux languissant

1329 1800 372 150 ¶ Grace.

889 1978 1339 122 Urays amoureux. pensez amours seruir

895 2075 1336 112 Bien loyaulment: car en la bien seruant

895 2165 1158 109 Uous en pourez bon loyer acquerir

895 2253 1249 187 Adieu uous dy: ie prens congie a tant

1332 2405 397 153 ¶ Espoir.

902 2611 1304 138 Ceste grace uueil tousiours poursuiuir

905 2686 1102 128 De paruenir ie suis fort esperant

902 2789 1083 113 A dieu amans: adieu au departir

898 2870 1246 128 Adieu uous dy: ie prens congie a tant

1339 3039 761 134 ¶ Lout habandonne

898 3207 1315 131 Ueu que grace ce bien present me donne

911 3307 1211 116 Il ma souffert: et delle suis contant

902 3395 1370 121 Le cueur/ le corps a amours habandonne

905 3491 1245 125 Adieu uous dy: ie prens congie a tant

1342 3654 334 137 ¶ Le sot

908 3825 1236 122 Or auons nous hors banny ialousie

908 3931 1183 113 Et tant chassee que grace paruenir

908 4025 1005 97 A mis dehors la soillarde rotie

914 4097 1230 140 Iamais ne puisse en amours reuenir

905 4256 1342 134 Prince damous il nen fault point mentir

908 4365 1358 122 En grace suis plus que nul autre amant

911 4465 1149 112 Iay du pyot: et ie men uoys dormir

905 4549 1270 128 A dieu uous dy: ie prens congie a tant

905 4708 1208 153 Chascun de nous fut deulx contant

2472 458 1105 141 Pour en parler en brief langaige

2475 561 1111 119 Lors uis uenir cheuaulx batant

2475 658 1167 115 Uers nous ung gracieux messaige

2481 739 971 116 Cestoit secret pencer le saige

2478 845 1061 106 Qui de par ma dame esperance

2478 917 1167 109 Pour nous garentir de dommaige

2478 1020 908 94 Aportoit lectres de creance

2484 1092 952 125 Nous le receusmes liement

2481 1173 1249 131 Au mieulx que nous le sceumes faire

2490 1279 1080 109 En luy demandant doulcement

2497 1360 977 109 Des nouuelles: et de laffaire

2497 1447 1273 125 Des dames. Et pour nous complaire

2500 1538 852 106 Il ouurit gracieusement

2494 1619 1055 112 Les lectres sans y riens forfaire

2500 1713 1045 137 Dont tel fut le commencement

2927 1878 397 137 ¶ Lectres

2543 2082 234 356 T

2786 2017 1157 182 Reschiers amys. pour le grant bien

2796 2143 271 122 de uous

2796 2224 1130 138 Iay enuoye faint semblant espier

2786 2326 1082 122 Le conuiue de dangier le ialoux

2500 2412 1311 125 Qui par tout fait ialousiaux assembler

2497 2499 1429 131 Pour aux loyaulx: le pas damours garder

2503 2586 1220 122 Et leur forfaire a toute sa puissance

2500 2677 1208 119 Or est besoing de soy contreguectier

2500 2777 1064 103 Des enuieux et de leur aliance

2503 2849 1174 112 Car souspecon est uenu a dangier

2500 2942 1289 119 Se complaindre de uous et de uoz fais

2497 3026 1289 125 Langue uolaige: et parler mencongier

2494 3111 1201 118 Luy ont de uous dit infinis meffais

2500 3207 1298 119 Den plus parler pour lheure ie me tais

2500 3289 1095 118 Mon messaige uous en dira assez

2500 3373 1220 122 Mais touteffoys ne delaissez iamais

2497 3479 1236 106 Lamoureuse queste que emprise auez

2500 3563 1161 100 Et au surplus: croyez secret penser

2500 3644 1383 125 De ce quil uous uouldra de par nous dire

2506 3735 1189 115 Il uous dira pour uous acouragier

2500 3819 1139 112 Aucun secret qui nest pas a escrire

2497 3903 1195 122 Autre chose nauons a uous descrire

2497 3991 1329 125 Pour les perilz qui suruiennent en uoye

2500 4075 1273 112 Et cest trestout: qui ne uouldroit redire

2494 4165 1485 119 Treschiers amys a dieu quil uous doiẽt ioye

2500 4253 1264 122 Et hault uouloir qui les lectres lisoit

2503 4340 1130 125 Incontinent demanda la creance

2494 4440 1058 100 Au messaigier qui enuoye estoit

2494 4512 1326 156 Lequel nous dist sans faire demourance

2927 4677 581 162 ¶ Secret penser
