4267 5462
224 406 1102 115 Le pas me deueriez uous desdire

230 488 974 127 Dauoir dit chose de non dire

221 588 1020 131 A telz sotz coquars estrangiers

430 746 401 146 ¶ Lacteur

232 942 241 309 N

494 922 1235 115 Ous quatre a rire commencasmes

494 1016 1235 109 Quãt ainsi chages noꝰ trouuasmes

497 1107 507 100 Par souppecon

496 1174 1175 159 Sans nul achoison de telz blasmes

221 1289 1096 91 Qui suffisoient a rendre infames

224 1377 467 91 Sans rancon

215 1438 941 127 Toutes gens de noble facon

218 1532 725 103 Mais ceste salutacion

221 1611 1047 133 Estoit manconge faulse et folle

215 1714 795 106 Confite par detraction

215 1787 668 118 Enuieuse et fiction

218 1872 932 133 Ne use que de faulse parole

215 2027 1089 142 Et quant la uieille nous uit rire

215 2136 1059 109 Elle esmeue de courage et de ire

218 2230 1050 109 Nous commenca uillainement

212 2321 743 100 A iniurier et mauldire

212 2391 989 112 Et oultrageusement mesdire

212 2485 1083 130 En telz moltz ou semblablement

418 2649 519 133 ¶ Souppecon

241 2840 223 341 N

482 2806 953 143 Esse pas bel gouuernement

482 2913 1212 132 Quant il fault que tout plainement

482 3008 1089 137 Soit gouuerne par tieulx galans

485 3104 968 103 Et que le noble entendement

215 3180 1017 106 Des anciens soit mis au uent

209 3265 1026 115 Pour auancer ces ieunes gens

209 3418 902 136 Ieunesse est de telle nature

206 3532 1171 106 Que iamais pour nulle aduanture

209 3617 1035 124 Ne pourchasse que deshonneur

209 3709 833 118 Car folie est sa nouriture

218 3777 893 119 Et oultre cuidance procure

200 3864 769 159 A la tenir en cest erreur

209 4050 924 114 On ne pourroit dire lorreur

215 4151 1135 97 Des maulx que uous en la fureur

218 4230 1080 115 De ieunesse pourries commettre

209 4324 947 97 A lencontre de tout honneur

214 4392 960 136 Se dangier le noble seigneur

214 4492 1074 132 Ny faisoit grans remedes mettre

209 4642 1143 173 Et uous: que auez uous cy affaire

1842 391 1123 124 Ie uueil scauoir pour quel affaire

1823 485 944 103 Uous y uenez ainsi souuent

1830 564 1062 106 Et ne uous uueille ia desplaire

1820 655 1020 112 Uostre facon ne me peut plaire

1823 749 1038 112 Pourtant aduises luys deuant

1823 907 953 124 Ie uous deffens laler auant

1814 1010 978 100 A uous tous qui en deceuant

1814 1098 981 106 Honneur usez de tel langaige

1817 1171 959 118 Ie me uoys bien apercenant

1808 1256 1120 106 Que uous estez bailleurs de uent

1805 1341 1290 145 Pour soubzmettre honneur a hontaige

1802 1499 999 139 Or escoutez/ ie congnois bien

1802 1602 956 115 A uoz armes et uo maintien

1805 1690 999 112 Que uous estes de la mesgnie

1802 1772 1208 136 Damours/ mais uous ne uallez rien

1802 1866 953 121 Ne ne penses a nesung bien

1799 1951 865 121 Ne ne feres en iour de uie

1799 2108 1020 131 Foy que doy a ma dame enuye

1802 2221 1047 112 Ie neuz oncques si grant enuye

1799 2318 1105 97 De riens/ que iay de uostre mort

1799 2388 956 118 Car cent foiz laues desseruye

1796 2491 947 88 Et autre que ne nomme mie

1787 2551 1226 149 Pour plus uous mettre en desconfort

2003 2706 606 155 ¶ Hault uouloir

1812 3026 191 278 S

2012 2876 1070 146 Ouppecon uous auez grant tort

2017 2999 1056 109 Ce respondit lors hault uouloir

2017 3072 974 123 De nous oultrager ainsi fort

1784 3262 1211 121 Uous uous en pourriez bien douloir

2017 3172 1025 109 Et puis de nostre mort uouloir

1781 3353 1041 100 Aincois que nostre mort aduint

1784 3444 1008 106 Et se femme nesties pour uoir

1784 3519 1226 128 Onc plus grant mal ne uous aduint

2006 3614 509 115 ¶ Souppecon

1803 3695 205 387 E

2021 3695 970 110 T comment me menasses tu

2021 3786 1011 123 Qui suis en haulte seigneurie

2026 3864 801 114 Truant auole malostru

1790 4041 935 116 Ie te osteray du corps la uie

2026 3950 993 128 Ne congnois tu pas ma lignie

1790 4129 974 107 Incontinent de ma guisarme

1785 4214 797 123 Icy feront leur departie

1778 4308 1232 167 Ton faulx corps et ta mauldicte arme

1781 4402 613 119 Et sans plus dire

1985 4501 383 228 ¶ Lacteur
