4267 5496
161 415 959 116 Que ne sembloit la premiere

167 500 963 116 La trouuissiez toute maniere

174 583 1011 119 De poisson qui estoit merueille

167 665 1060 119 Plaisant chose a la place entiere

171 754 1023 128 Destre des autres non pareille

167 919 856 122 En regardant ce paradis

177 1032 736 109 Ie fus raui en esperit

171 1105 1014 119 Soubdainement me fut aduis

167 1181 1027 125 Que lame de mon corps partist

174 1273 1047 113 Et oultre les murs se transmist

174 1361 775 119 En une gracieuse tour

180 1447 1032 125 Iointe au tiers mur com iay dit

167 1535 929 132 Fait de cristal tout alentour

164 1694 1014 125 Ceste tour que ie uous deuise

167 1795 1039 125 Estoit dor par grant mignotise

164 1902 798 91 Ouuree gracieusement

164 1969 1079 110 Douuraige de tresgrant cointise

161 2070 1054 110 Oultre plaisance en toute guise

164 2155 1024 107 Tant estoit de grant parement

164 2241 978 100 De ceste tour/ tresnoblement

167 2326 911 116 Situee/ au commencement

167 2424 813 104 De ce gracieux paradis

161 2497 1158 107 Apparceuz ie aucques troublement

161 2589 1268 122 Les biens quont ceulx qui loyaulment

167 2680 1097 119 Serueut amours en faitz et en dis

171 2836 1004 113 De ceste tour uis grant partie

171 2925 833 122 Des biens de la cite iolye

167 3019 960 104 Comme le souuerain palais

164 3108 981 101 Maconne dor doeuure batue

171 3202 736 101 De precieuse pierrerie

164 3282 1048 116 Plus quon ny penseroit iamais

164 3361 853 122 A lentour estoient les faiz

171 3459 1142 113 Des beaux amoureux pourtraictz

171 3547 1160 117 Dung ouuraige moult sumptueux

171 3645 1066 98 Tant bien et tant richement fais

164 3712 1189 122 Que pour rien charcheroit len/ mais

164 3807 923 125 Tant fut ouuraige precieux

167 3960 947 131 Le regart du lieu seulement

164 4070 874 100 Resiouyssoit oultreement

167 4149 1155 116 Tous ceulx qui le lieu regardoyent

174 4234 1011 110 Tant estoit fait parfaictement

171 4320 1224 125 Mieulx que quelque autre nullement

174 4412 1194 113 Pour ceulx qui loyaument amoyent

177 4500 1090 104 Et sans faulte ceulx que estoient

174 4586 1093 180 Trouuez dignes dy estre/ auoient

183 4665 433 195 Ioye infinie

1728 390 1127 126 Car par seul regart ilz sembloient

1728 488 1118 122 Tant ioyeux quilz entroubiloient

1728 567 703 129 Tous maulx denuie

1725 723 1078 125 Le puissant dieu damours estoit

1728 839 969 95 En ce palais que ie uous dis

1734 912 959 120 Et les urays amans festioit

1737 1013 1005 95 En plaisans et amoureux dis

1731 1086 914 126 Et la scay ie bien que ie uis

1734 1175 617 110 Droicte merueille

1725 1254 1094 129 De ioye/ de bien/ donneur/ de pris

1728 1349 544 144 Passe merueille

1731 1499 932 131 Ie uis une grant sale basse

1722 1609 807 113 Faicte dor et de pierrerie

1725 1688 1045 125 Tant que iamais ie ne cuydasse

1722 1780 965 116 Autant uoir en toute ma uie

1725 1880 868 95 Bien taillee dymagineree

1728 1957 1204 113 Des haulx faitz darmes et damours

1722 2051 1130 113 Dung oeuure trop mieulx assouie

1722 2143 987 104 Quon ne diroit en mille iours

1728 2293 917 122 Et au millieu de ce poupris

1728 2387 990 122 Sourdoit une gente fontaine

1725 2485 944 113 Deaues tresodorans de pris

1722 2577 1078 106 En diuers conduys toute plaine

1722 2656 1112 119 La estoit toute oudeur mondaine

1725 2757 865 88 Entre meslee de doulceur

1722 2845 1036 101 Qui rendoient ioye souueraine

1722 2922 904 131 A ceulx qui estoyent en leur

1722 3071 978 131 La ueissiez uous tous deduis

1722 3181 1023 116 De chasse fait par nigromance

1722 3279 1072 101 Par les oeuuriers a ce tous duis

1719 3355 1182 116 Qui pour lors y prenoient plaisance

1725 3441 1152 103 Oultre plus tous fais de uaillance

1725 3526 1069 113 Se y trouuoient semblablement

1725 3621 1066 110 Par plaisance ⁊ non a oultrance

1725 3709 1207 122 Car oncques dueil ny fut nullement

1719 3868 978 110 La se trouuoit toute armonie

1728 3966 1033 116 Des oyseaulx qui de chanterie

1725 4054 1054 113 Ont la plus clere congnoissance

1728 4137 993 113 Car leur uoix plaisant ⁊ iolie

1731 4228 856 116 Forgoit nouuelle melodie

1731 4302 1082 116 En ce tresdoulx lieu de plaisance

1734 4405 1054 104 Dont ie dis quen ma conscience

1728 4494 987 113 Les amans quelque doleance

1728 4573 1020 132 Quilz eussent eu le temps passe

1734 4662 886 125 Auoir pouoient alegeance
