4267 5617
960 439 285 314 M

1245 424 1214 137 Esseigneurs pour le uoir uous dire

1254 514 899 113 Ie ne pourroye pas suffire

1242 605 974 125 A uous mercier humblement

1236 692 862 127 De la legence du martire

933 783 992 109 Que pas ne scauroie descrire

936 858 1258 124 Dont par uous suis hors quittement

930 961 1105 112 Mais pour auoir plus clerement

930 1036 1017 124 La congnoissance du torment

930 1120 1073 115 Que iay endure par maint iour

933 1220 1136 115 Soubz le mauldit gounernement

930 1298 1073 112 Daucun poure commencement

930 1391 827 125 En ceste despiteuse tour

930 1532 1192 165 Il est bien uray quen la saison iolie

927 1647 1158 134 Ou ieunesse damoureux fais salie

933 1744 1139 109 Ie mesbatois en la doulce contree

927 1809 1432 160 Du dieu damours sans quen sa seigneurie

930 1916 1130 109 Ie tinse a lors de euure ne demye

923 1984 1452 150 Dont beaucoup moins ualoye a la iournie

920 2081 1227 140 Tel que iestoie/ me pourmena pensee

920 2181 1065 125 Au lieu nomme ioyeuse destinee

917 2253 1193 140 Ou seiournoit mainte dame de pris

920 2352 1096 113 Et doulx regart/ tiroit a la uolee

914 2427 1280 134 Traict de plaisance amoureuse et celee

914 2527 1230 150 Dont ie me tins a la parfin pour pris

914 2674 1136 153 Car ung traict perca doulcement

911 2796 1136 121 Mes yeulx sans leur aucunement

908 2870 989 122 Porter ne ennuy ne greuance

908 2967 1117 131 Ce mesme traict en ung moment

908 3045 1089 128 Me uint naurer semblablement

905 3139 1133 137 Mon cueur damoureuse plaisance

911 3220 1008 118 Ceste bleceure sans oultrance

908 3317 1195 140 Mamaint ennuy sans desplaisance

905 3407 970 125 Fait souffrir a mon enteprise

911 3491 1077 131 En querant dueil sans doleance

908 3569 949 125 Et liesse en doulce nuysance

908 3663 992 147 Et mort par uoulente requise

898 3813 862 143 Ainsi naure comme ie dis

902 3919 749 118 Ay recele ma maladie

905 4006 952 122 Dont iay este mis es escrips

898 4097 1118 140 De ceulx qui ayment sans partie

902 4181 939 128 Iay porte tout seul ma folie

895 4268 1124 141 Ainsi que apres uous me ores dire

902 4362 1055 134 Sans auoir la chair tant hardie

898 4449 834 141 De dire ce qui estoit a dire

902 4602 883 159 Iay este par grande saison

898 4705 796 150 En subiection de pensee

2525 446 952 115 Qui disoit que cestoit raison

2534 546 993 115 Dacheuer leuure commencee

2534 620 905 110 Sans ce quelle fust decelee

2531 720 940 103 A amours tant fust en secret

2528 808 939 106 Honte en ouuroit a sa testee

2531 886 1008 134 Dont ie fus pris au trebuchet

2531 1036 943 137 Il me suffisoit grandement

2531 1160 1011 116 Estre naure par doulx regart

2525 1238 1098 131 Sans que ienquisse aucunement

2522 1335 927 97 Guerison ne tempre ne tart

2525 1416 1005 122 Et en ce point se dieu me gart

2518 1504 1062 128 Pour la paine quay soubstenue

2522 1585 986 118 Me suffisoit pour bonne part

2518 1669 859 140 Une trestoute seule ueue

2522 1841 1036 137 Iay este par grant temps ainsi

2515 1931 1046 141 Sans riens dire de mon affaire

2512 2040 827 100 Ne a celle requerir mercy

2512 2106 1015 134 Qui de son bien le pouoit faire

2515 2203 1034 131 Car ie doubtoie a me meffaire

2515 2281 887 124 En requerant allegement

2512 2380 943 122 Mais ie croiroie le contraire

2509 2468 790 118 A bien petit de serment

2503 2615 1027 162 Tant suis alle tant suis uenu

2512 2727 921 118 Naure comme dit est dessus

2506 2805 1108 150 Que grant dueil men est suruenu

2509 2895 1118 144 Et plus que ne fist oncque a nuls

2506 2983 930 125 Car pensee me mena la ius

2509 3073 1090 144 En ung chemin moult perilleux

2500 3161 1077 128 Tant naure que ne pouoye plus

2500 3242 1014 153 Aller par cest lieu merueilleux

2494 3398 1076 175 Les faulx uillain failly courage

2494 3510 942 128 Laschete de cueur/ couardie

2494 3598 1051 140 Honte/ paour/ crainte sauuaige

2500 3691 974 137 A grant herpaille et mesgnye

2494 3766 1086 144 Sen uindrent par grant felonnie

2487 3866 1033 140 De trestoutes pars me assaillir

2487 3944 924 140 Et dieu scet quelle tirannye

2487 4037 921 153 Ilz me firent adonc souffrir

2481 4178 880 172 Pris fuz a petit de deffence

2484 4297 1071 143 De ces sacquemens inhumains

2484 4381 1040 153 Et pour me faire plus doffence

2475 4474 971 141 Lie fuz par piedz ⁊ par mains

2472 4549 1136 169 Estroictement par grans uillains

2472 4643 874 147 Lais/ hideux/ et deffigurez

2475 4724 1124 209 De trestoutes mauluaistie plains
