4267 5562
995 451 1021 105 Que nostre noble secours uint

998 531 996 117 Pour nous apporter reconfort

1001 624 987 99 Contre tout enuieux rapport

1001 701 1021 114 En des banieres plus de uingt

1001 784 1055 112 Et du secours qui nous suruint

1004 871 1024 127 Noble actrempe couraige print

998 960 956 124 Lauangarde pour la iournee

998 1050 894 99 Et le dieu damours se tint

1001 1146 971 93 En la bataille/ et puis reuint

1001 1220 1018 127 Esperance a grande assemblee

992 1371 838 140 Loyaulte a toute sa gent

995 1483 860 117 Armee com cler fin argent

992 1572 847 118 Larrieregarde conduisoit

995 1653 1098 108 Et le harnoys tant bel/ tant gent

992 1745 1138 99 Tant riche/ tant bon/ tant plaisant

995 1838 878 93 Au soleil tant cler reluisoit

992 1909 1002 121 Prudence et les siens refaisoit

989 1996 968 108 Une elle a destre/ et regardoit

992 2091 996 102 De loing les cautelles denuie

998 2172 1027 105 Et souffrance lautre elle auoit

992 2252 1073 136 Ou faint semblant se ymaginoit

950 4319 260 404 T

1210 4324 955 130 Ous ensemble dune aliance

1215 4424 1011 112 Uinsmes honneur et reuerence

1218 4511 1147 127 Faire a dieu damours haultement

1215 4611 909 181 Mais loyaulte et esperance

2547 444 817 146 A greuer laduerse partie

2554 602 1150 142 Quant noz ennemys apparceurent

2550 719 950 96 Le noble secours des amans

2550 803 996 93 Assembleement ilz sesmeurent

2560 883 1045 102 Et se rengerent plains champs

2554 976 1026 102 Menacans amours et ses gens

2557 1050 844 111 De les faire tous deffiner

2554 1140 1004 114 En cruelz et maulditz tormens

2547 1220 937 121 Pour toute la guerre affiner

2557 1378 995 129 Adonc les amans prisonniers

2557 1504 977 96 Furent du tout habandonnez

2550 1578 1219 106 Car enuie craignoit mains dangiers

2554 1659 1131 120 Destre une foys damours blasmez

2554 1742 958 108 Et ces bons sains martirisez

2554 1829 1193 117 Sen uindrent rendre a hault uouloir

2547 1918 1045 121 Dont ilz furent moult honnorez

2550 2008 909 111 Et de nous tous a dire uoir

2656 2175 1354 130 ¶ Icy appert comment les uicieulx pail¬

2656 2271 1357 126 lars sen fuient de paour du dieu damours

2529 4350 1045 99 Doulx regard/ uerite/ prudence

2523 4418 1097 121 Uindrent uers luy tresgentement

2529 4523 1085 108 Disans des biens treslargement

2526 4610 955 111 De lamant et moy tellement

2523 4678 1230 133 Que nous en auions tresgrant honte
