4267 5496
241 403 1081 113 Et pour nous plus tost deceuoir

247 488 825 107 Ilz cuiderent de la ualee

244 570 843 138 Issir/ affin de nous auoir

235 671 1099 125 Mais nous desfendismes lentree

244 818 968 146 Ilz cuydoient a force gaigner

235 931 1075 104 Ung estroit pas ou nous estions

232 1013 998 113 Et ilz auoient bel barguigner

232 1108 1102 104 Car fierement nous deffendions

238 1203 1026 94 Et contre eulx le pas gardions

232 1285 995 95 Endementiers que bon aduis

229 1370 916 104 Queroit nouuelles legions

232 1453 1056 131 Damans tresbien darmes apris

226 1596 1035 141 Trahison menoit lauant garde

232 1722 870 94 De noz enuieux ennemis

232 1789 855 110 Et enuie la uieille lisarde

226 1890 983 103 Auec grant perte de ses amys

235 1966 837 119 Naturelz affins et acquis

229 2051 980 116 Se tenoit en la grant bataille

232 2149 971 95 Et dangier de tout mal apris

222 2219 1045 144 Larriere garde auoit sans faille

222 2381 828 141 Tout ceste gent diffamee

226 2485 852 107 Estoit enclose en la ualee

229 2577 1008 106 De douleur et de desplaisance

226 2671 989 107 Et nous estions en la montee

229 2754 827 100 De gracieuse renommee

232 2851 840 89 En la contree desperance

229 2912 1004 110 Et bon aduis par nigromance

229 3025 1179 101 Faisoit gens darmes par semblance

226 3108 965 91 En actendant nostre secours

219 3178 1103 131 Qui sen uenoit prendre uengence

229 3267 824 116 Denuie et de son aliance

222 3349 1146 137 Soubz lestandart de dieu damours

222 3511 1134 137 Trahison nous cuyda sourprendre

222 3612 1259 128 Par mains latz quelle auoit fait tendre

222 3712 1051 95 Mais tout ce ne luy ualoit riens

226 3786 1224 116 Car hault uouloir nous fist entendre

226 3874 1053 122 Sa mauluaistie: et force prendre

226 3969 1151 98 Contre elle et contre tous les siens

229 4070 1117 106 Et nous trouua certains moyens

219 4146 892 95 A desrompre tous ses liens

226 4219 959 107 Et les blecier par leur malice

232 4308 1063 119 En couuers et secretz maintiens

229 4405 1053 107 Et tes semblables menuz biens

226 4479 956 137 Telz quil appartient a loffice

226 4647 1175 146 Nous gardasmes bien longuement

1823 390 913 122 Ce pas estroit/ et tellement

1820 476 1032 128 Que souspecon ceste uauldoyse

1826 589 907 98 Nous uint auironneement

1820 665 873 110 Attaindre traicteusement

1820 745 1182 122 En menant grant hu et grant noise

1817 842 935 107 A ses gens crioit la pragoise

2263 992 495 131 ¶ Souspecon

1801 1158 284 394 G

2108 1112 1049 179 Ardez que nul deulx ne sen uoise

2107 1267 1072 122 Mauluaise gens uengez uous en

2116 1355 880 110 Ie le feray qui qui en poise

1811 1517 986 137 Ains quilz uoient la fin de lan

2095 1435 898 128 Atacher dessoubz une boise

2257 1651 400 187 ¶ Lacteur

1805 1859 317 408 A

2122 1799 1081 202 Doncques ueissiez uons sur nous

2117 1964 889 119 Menuement traire ⁊ lancer

2126 2051 1073 124 Donner et receuoir mains coups

1811 2219 992 125 Ne sans noz harnois entamer

2122 2138 1049 133 Sans nous pouoir desassembler

1808 2308 983 119 Na noz cheuaulx oster alaine

1802 2393 1258 126 Pour mal quilz nous sceussent donner

1805 2482 1182 146 Nonobstant quil y eut moult paine

1808 2641 1145 137 Nous nous deffendions fierement

1805 2744 913 104 Encontre ceste gent desuee

1799 2842 1035 98 Qui nous assailloit asprement

1802 2922 989 100 Car elle auoit noz mors iuree

1805 3010 1231 125 Et hault uouloir grans coups despee

1799 3089 931 107 Departoit menu et souuent

1799 3178 925 122 Sur ceste gent deshonnoree

1799 3267 1023 134 Et nous aussi semblablement

1799 3419 931 141 Ia ne uenist si grande presse

1799 3523 1154 125 Que hault uouloir par son appresse

1805 3612 827 116 Ne departist legierement

1795 3697 1011 128 Par sa uaillance et sa prouesse

1795 3786 1140 107 A toute heure/ ⁊ sur tous sans cesse

1802 3880 1020 113 Frappoit tresoultrageusement

1799 3972 1056 95 Et nous renforcoit doublement

1799 4048 1200 110 Cueur/ corps/ couraige et sentement

1792 4143 1192 107 Maintien sans maniere et conduitte

1792 4228 960 110 Par son bien faire seulement

1795 4320 975 104 Mais ilz estoient si largement

1799 4396 1117 135 Que peu montoit nostre poursuite

1795 4555 902 122 Trahison et tout son effort

1802 4662 950 128 Endurasmes: et tant au fort
