4267 5462
224 412 895 106 Uenez roche de tout plaisir

239 500 1254 143 Et doulx coffre ou tout bien se amasse

658 649 343 167 ¶ Le sot

227 837 1023 130 Sailles hors amoureuse grace

224 952 1008 88 Uenez cueurs damans resioyr

233 1019 892 124 Ialousie auons fait pratir

236 1125 1005 122 Iamais ne reuiendra en place

221 1265 844 146 Regardez la fole grimace

224 1377 907 100 Dont elle ma uoulu seruir

221 1456 959 146 Donne ma la faulse panasse

631 1605 349 176 ¶ Grace

218 1811 325 146 Et quoy

634 1954 346 164 ¶ Le sot

200 2124 683 163 Laler pour le uenir

646 2318 555 167 ¶ Languissant

194 2503 1038 121 A moy lamoureux languissant

197 2615 1123 131 Qui en amours tient tant la main

200 2703 786 94 Ceste ialousie nuysant

200 2773 928 146 Ma presente traueil en uain

628 2940 379 146 ¶ Espoir

194 3101 856 133 Affin quil puisse souuenir

191 3219 944 118 Que ma donne ceste regente

191 3304 846 118 A moy espoir de paruenir

197 3395 837 118 Est ordonnee fole atente

625 3547 330 145 ¶ Tout

194 3723 959 118 Et a moy tout habandonne

191 3826 852 103 Pour le bien ou iay tendu

191 3905 813 115 La faulse lisse ma donne

191 3996 1165 142 Ung uert boucquet de temps perdu

622 4154 340 127 ¶ Grace

188 4342 1129 112 Urays amans il uous est bien deu

188 4439 931 109 A mon aduis plus riche don

194 4530 1065 109 Chascun de uous sera pourueu

191 4600 919 161 Selon son cas: sonne bedon

2267 412 342 143 ¶ Le sot

1823 570 941 155 Sus tabourin: une chanson

2242 752 355 143 ¶ Grace

1820 916 1050 130 Gentil languissant doulcement

1817 1031 1008 109 Uous fais present de ceste rose

1814 1113 877 122 Uostre deserte y est enclose

1808 1207 889 128 Qui est espoir dalegement

2233 1359 549 158 ¶ Languissant

1799 1526 1284 149 Uostre mercy des bonnes lon trespasse

1808 1635 1290 158 Il me souffit seulement destre en grace

2242 1796 371 158 ¶ Grace.

1799 1966 886 145 A uous espoir de paruenir

1793 2078 962 128 Qui auez suiuy mainte suite

1799 2169 814 115 Ceste rose uueille saisir

1787 2242 935 155 Qui est gracieuse poursuite

2221 2409 798 142 ¶ Espoir de paruenir.

1790 2576 1202 139 Uostre mercy ma terrestre montioye

1793 2691 1402 155 Il ne men chault: mais quen grace ie soys

2218 2849 370 152 ¶ Grace.

1781 3001 974 160 Ioyeux et tout habandonne

1784 3143 1065 97 En qui amour est toute ouuerte

1781 3225 989 115 Ce guerdon uous sera donne

1775 3316 822 125 Qui est atente de deserte

2203 3459 768 148 ¶ Tout habandonne

1781 3632 1247 130 Ie uous mercy ma plaisance terrestre

1775 3753 1353 143 Tout mon desir au uray est en grace estre

2200 3902 346 155 ¶ Grace

1775 4069 947 133 Sot penser de bauer na cesse

1778 4175 986 124 Sot penser est ung ioyeux sot

1775 4275 1035 115 Pour prendre repos ie luy laisse

1781 4363 1026 140 Et pour mieulx dormir du piot

2203 4503 331 163 ¶ Le sot
