4267 5462
233 400 871 118 Uint fierement teste leuee

236 482 993 115 Les bons prisonniers accuser

239 573 1026 140 En criant comme une enragee

409 825 501 152 ¶ Souspecon

209 974 250 400 U

482 978 715 137 Ecy la gent diffamee

478 1074 992 145 Damour que tu ne peuz amer

473 1187 888 123 Enuie/ uueilliez les iugier

469 1274 774 114 Et a mort cruelle liurer

218 1362 968 115 En signe daucune uengence

215 1444 998 106 Car tu ne scauroies nombrer

209 1544 1105 106 Les maulx quilz ont fait endurer

209 1626 1159 133 A ceulx qui sont soubz ta puissance

206 1778 1171 142 Or escoute ung peu par leur malice

206 1884 913 106 Enuie/ et toy dangier aussi

206 1972 980 106 Et puis uous en ferez iustice

203 2069 1059 97 Aincois que nous partions dicy

203 2139 1056 130 Tes prisonmers que tu uoys cy

206 2230 919 124 Sont de ieunesse cabuseurs

200 2312 1111 130 Bailleurs de uent pour certain si

200 2424 1101 112 Mensongiers faulx et deceueurs

203 2582 1010 118 Ce sont agaitteurs de chemin

200 2670 941 109 Royal/ en aucun certain pas

200 2758 925 112 Ainsi que declaire leur train

203 2840 995 103 En plusieurs treseuidens cas

197 2919 1168 127 Ce sont ceulx qui tendent leurs las

194 3013 959 115 A deceuoir par leur langaige

194 3101 968 106 Celles qui ne se gardent pas

200 3189 947 136 De mesdit et langue uolage

191 3343 837 131 Cest la desleale mesgnie

197 3447 1095 127 Damours ton ancien aduersaire

188 3535 947 109 Qui est de la mauluaise uie

191 3623 1044 103 En tant quil est a toy contraire

191 3705 1171 139 Ce sont ceulx qui ueullent deffaire

194 3808 783 97 Et abolir ta seigneurie

194 3881 1032 109 En cuidant les dames attraire

188 3978 977 121 Pour accroistre leur tirannye

191 4120 1384 176 Ce sont ceulx que soubz plusieurs faintes

188 4233 1053 106 Attraient maint noble couraige

188 4333 1080 106 Par doulces et piteuses plaintes

191 4415 947 97 Acoutrees en beau langaige

188 4500 953 100 Ou autrement a lauantaige

188 4597 956 103 Pourchassent par subtilletes

188 4676 1217 139 Lamour de tous/ dont iay grant rage

1814 391 1005 121 Quilz trouuent tant dabilites

1814 552 1148 158 Ce sont ceulx qui seroient contens

1805 661 786 118 A deuiser toute leur uie

1805 743 1047 121 Aux dames et duser leur temps

1814 834 978 115 En parlant de maintes follie

1805 922 1078 137 Sans ce quil eussent nulle enuie

1814 1019 941 97 Iamais densemble departir

1808 1101 899 115 Pour plaisance qui les y lie

1805 1183 1160 158 Dont nul temps ne ueullent partir

1808 1332 917 145 Ilz parleront toute iournee

1805 1453 1087 121 Sans ce quilz leur puisse souffire

1799 1538 1044 106 Dont souuent diz en ma pensee

1796 1623 1129 124 Mais que deable peut on tant dire

1799 1711 1032 118 Ie croy quilz ne font que redire

1796 1805 1062 115 Ce quilz ont dit au long du iour

1790 1881 999 121 Ou denuie ⁊ de nous mesdire

1790 1981 999 134 Affin que chascun ait son tour

1790 2133 1011 130 Et qui pourroit souspeconner

1784 2245 1044 100 Aucun bien en tant de langaige

1787 2321 1132 121 Cest pour honneur habandonner

1784 2403 1105 133 Et destruire et mettre a hontaige

1778 2491 932 109 Quel besoing est il de parler

1781 2582 1080 118 Par chascun iour si longuement

1781 2670 1035 118 Qui bien y uouldroit regarder

1781 2767 1083 124 Cest ung piteux gouuernement

1775 2900 986 158 Mais encores font ilz bien pis

1772 3037 995 112 par regars amoureux/ par ris

1781 3122 1026 97 Gracieux/ pris publicquement

1775 3198 989 118 Par attraians et plaisans dis

1778 3301 813 88 Entregettez et entremis

1775 3371 847 103 Par cautelle secretement

1775 3456 910 121 La est blecie iournellement

1778 3541 1074 127 Nostre bien nostre aduancement

1775 3647 1010 106 Car on ne fait conte que deulx

1778 3717 1038 124 Et pour tout dire franchement

1784 3802 995 127 Ilz gouuernent paisiblement

1769 3899 1478 142 Dont nous souffrons maintz aspres deulx

1766 4041 1080 137 Les subgectz sont boutez arriere

1766 4163 1032 100 Tout est ce que deuant derriere

1763 4251 1302 127 Par eulx qui sont plains dattrempance

1772 4333 956 106 Et prudence est a la barriere

1766 4430 1071 94 Contre toy et tes gens tant fiere

1760 4515 1153 103 Qui ne craint en riens ta puissance

1763 4594 1071 106 Pour ce te pry/ ie prens uengence

1769 4679 1165 142 De tous ceulx qui te font nuysance
