4267 5517
190 416 1158 114 De droicte couleur des cieulx faicte

186 505 1113 117 Dor meslee en grant habondance

190 606 1072 126 Et de dignes pierres pourtraicte

180 738 834 132 La estoit le plus riche lict

177 842 1021 123 Que ie ueis oncques en ma uie

177 944 987 113 Tant estoit bien fait a proufit

177 1023 831 107 Que ce sembloit resuerie

180 1109 794 110 Si a la centiesme partie

186 1192 880 125 Ie racomptoye la noblesse

180 1284 966 107 Car par dieu ie ne cuyde mye

174 1376 1003 125 Quon sceust estimer la richesse

171 1526 1134 147 Ceste noble chambre en tous sens

174 1636 855 111 Estoit danges auironnee

171 1713 1039 113 Qui de tous diuers instrumens

180 1808 932 113 Iouoyent au iour a iournee

174 1894 739 104 La melodie bien amee

174 1970 941 114 Estoit espandue noblement

168 2078 920 104 Trop plus que creature nee

174 2157 905 129 Noseroit penser nullement

165 2307 1024 132 Harpes angeliques harpoient

168 2409 1119 131 Et orgues hanltement sonnoient

165 2501 886 113 Plus que melod[i]eusement

165 2586 1110 114 Trompes et clerons cleronnoient

171 2688 1018 119 Et a la foys anges chantoient

171 2761 794 107 Si tresamoureusement

165 2850 1021 110 Que ie ne pourroye nullement

168 2945 1150 126 Comprendre en mon entendement

162 3025 904 110 Que ce ne fust chose diuine

162 3107 1103 129 Tant surmontoient oultreement

165 3202 975 105 Ces sons corporel sentement

165 3301 892 116 En la place sacree et digne

162 3441 956 129 La estoit doulceur darmonie

162 3561 763 95 La estoit toute melodie

162 3635 1294 147 Plus quamant ne pourroit comprendre

159 3727 782 113 La estoit musique iolye

165 3815 944 108 En toute maniere ennoblye

165 3904 892 135 Assez et iusques a reuendre

165 4061 895 138 La ueissiez anges espandre

168 4177 1159 110 Doulces odeurs pour ce lieu rendre

165 4269 901 104 En toute maniere odorant

168 4343 1002 104 Comme deaue rose respandre

168 4422 1315 123 Fleurs des cieulx menuement descendre

165 4533 1091 156 Pour rendre ce lieu plus plaisant

1762 404 822 107 La haultesse de pierrerie

1759 499 852 110 Uertueuse par seigneurie

1759 579 877 107 Luysoit en ce lieu precieux

1756 671 938 110 Plus cler a cent mille partie

1759 750 883 120 Que le soleil ne reflamblie

1762 842 1067 123 Sur la terre es plus haulx lieux

1759 928 959 107 Et ceste clarte se maist dieux

1759 1008 1196 132 Nestoit en riens nuysible aux yeulx

1765 1118 1116 92 Ne aux autres sens aucunement

1762 1195 1107 107 Des urays et loyaulx amoureux

1759 1275 1159 110 Que uraye amour rendoit eureux

1759 1354 889 132 Destre la perpetuellement

1756 1520 981 125 Pensez que cestoit au surplus

1756 1633 889 101 Du digne et sacre paradis

1762 1722 993 107 Ie mesueillay: et nen uis plus

1759 1799 996 107 Dont ie fus de dueil entrepris

1762 1884 1061 117 Car sans faulte il mestoit aduis

1762 1983 1042 110 En mon songe: que iestoye dieu

1753 2056 962 104 Qua pou pres uoire compris

1753 2157 1048 147 Les haulx biens de ce sacre lieu

1986 2301 1165 129 ¶ Comment les amans estans au

1974 2415 1186 98 iardin de plaisance a leur plaisance:

1974 2501 1189 125 lung des amoureux se complaint de

1980 2589 1066 194 son cueur qui se debat a son oeil.
