4267 5638
968 400 952 94 Ne deuant luy iouer en place

964 488 1078 113 Daucun instrument de musique

961 566 1003 113 Orpheus le doulx armonique

964 654 990 110 Et emphion son compaignon

964 736 1144 115 Ne scauront par quelque practique

961 833 815 128 Rapaiser lire de dieu non

955 977 1112 138 Que uauldra lart mathematique

961 1090 868 106 Deuant dieu au magicien

961 1171 862 110 Et le bel art darismetique

955 1268 874 122 A argus: bien petit ou rien

958 1356 718 106 Euclides geometrien

952 1447 955 103 y auray il quelque seigneurie

952 1531 1002 119 Pour la cause quil scaura bien

955 1613 696 131 User de sa geometrie

949 1766 817 138 Uirgile: le autres poetes

946 1866 949 135 Qui tant sont reputez sciens

949 1957 1068 113 Les medecins auec leurs boetes

952 2051 836 103 Et les loix des iustisiens

946 2129 905 113 Les raisons des phiniciens

946 2230 849 100 Qui ont naturelle science

946 2305 880 113 Seront ilz tant practiciens

943 2399 1121 138 Quilz aient deuant dieu audience

943 2555 1159 129 Nenny: mais ceulx tant seulement

939 2659 981 131 Qui uiendront par contricion

946 2746 914 145 En gemissant piteusement

2537 400 830 110 Luy demander remission

2540 482 1000 138 Par bonne et uraye confession

2540 582 937 107 Ainsi que leglise commande

2540 670 843 113 Sur paine de damnation

2540 757 981 132 Autre chose dieu ne demande

2534 905 949 141 Pourtant confesse ie me suis

2540 1014 1075 107 Deuotement: ains que ie meure

2540 1102 993 116 En uieillesse quant ie ne puis

2537 1177 1084 126 Faire mieulx: il en est bien heure

2534 1277 1169 119 Bien scay que force est que ie meure

2534 1371 1118 110 Ne scay quant: donc en ceste place

2534 1453 1037 128 Mes meffaitz souspire et pleure

2531 1534 999 141 Priant dieu quil me face grace

2926 1703 404 157 ¶ Lacteur

2556 1869 277 348 A

2857 1846 681 155 Insi fina le penitent

2866 1977 945 127 Des accidens du temps passe

2852 2057 860 123 Ainsi quil met en se patent

2843 2142 939 131 Par les poins quil a confesse

2521 2248 922 113 Lesquelz ie me suis appense

2525 2324 896 116 Descrire en ce liure present

2521 2402 1031 153 Pour en faire ung petit present

2515 2662 802 150 ¶ Le chastel de ioyeuse

2515 2765 310 119 destinee.
