<?xml version="1.0" encoding="UTF-8"?>
<alto xmlns:xsi="http://www.w3.org/2001/XMLSchema-instance"
      xmlns="http://www.loc.gov/standards/alto/ns-v4#"
      xsi:schemaLocation="http://www.loc.gov/standards/alto/ns-v4# http://www.loc.gov/standards/alto/v4/alto-4-2.xsd">
  <Description>
    <MeasurementUnit>pixel</MeasurementUnit>
    <sourceImageInformation>
      <fileName>Le_Jardin_de_plaisance_Rés._YE_168_de_la_BnF.pdf_page_34.png</fileName>
      <fileIdentifier>pdf//Le_Jardin_de_plaisance_Rés._YE_168_de_la_BnF.pdf</fileIdentifier>
    </sourceImageInformation>
  </Description>
  
  <Tags>
    <OtherTag ID="BT16575" LABEL="MarginTextZone" DESCRIPTION="block type MarginTextZone"/><OtherTag ID="BT16576" LABEL="DamageZone" DESCRIPTION="block type DamageZone"/><OtherTag ID="BT16577" LABEL="DigitizationArtefactZone" DESCRIPTION="block type DigitizationArtefactZone"/><OtherTag ID="BT16578" LABEL="DropCapitalZone" DESCRIPTION="block type DropCapitalZone"/><OtherTag ID="BT16579" LABEL="GraphicZone" DESCRIPTION="block type GraphicZone"/><OtherTag ID="BT16581" LABEL="NumberingZone" DESCRIPTION="block type NumberingZone"/><OtherTag ID="BT16582" LABEL="QuireMarksZone" DESCRIPTION="block type QuireMarksZone"/><OtherTag ID="BT16583" LABEL="RunningTitleZone" DESCRIPTION="block type RunningTitleZone"/><OtherTag ID="BT16584" LABEL="SealZone" DESCRIPTION="block type SealZone"/><OtherTag ID="BT16585" LABEL="StampZone" DESCRIPTION="block type StampZone"/><OtherTag ID="BT16586" LABEL="TableZone" DESCRIPTION="block type TableZone"/><OtherTag ID="BT16587" LABEL="TitlePageZone" DESCRIPTION="block type TitlePageZone"/><OtherTag ID="BT16580" LABEL="MusicZone" DESCRIPTION="block type MusicZone"/><OtherTag ID="BT19261" LABEL="MainZone" DESCRIPTION="block type MainZone"/><OtherTag ID="BT20810" LABEL="text" DESCRIPTION="block type text"/>
    <OtherTag ID="LT6926" LABEL="DefaultLine" DESCRIPTION="line type DefaultLine"/><OtherTag ID="LT6927" LABEL="HeadingLine" DESCRIPTION="line type HeadingLine"/><OtherTag ID="LT6928" LABEL="InterlinearLine" DESCRIPTION="line type InterlinearLine"/><OtherTag ID="LT7870" LABEL="default" DESCRIPTION="line type default"/>
  </Tags>
  
  <Layout>
    <Page WIDTH="4267"
          HEIGHT="5617"
          PHYSICAL_IMG_NR="30"
          ID="eSc_dummypage_">
      <PrintSpace HPOS="0"
                  VPOS="0"
                  WIDTH="4267"
                  HEIGHT="5617">
        
        <TextBlock HPOS="950"
                   VPOS="423"
                   WIDTH="1417"
                   HEIGHT="4403"
                   ID="eSc_textblock_07a7dd0c"
                   >
          <Shape><Polygon POINTS="950 423 950 4826 2367 4826 2367 423"/></Shape>
          
          
          <TextLine ID="eSc_line_48d5ae9e"
                    TAGREFS="LT7870"
                    BASELINE="958 518 2047 511" 
                    HPOS="955"
                    VPOS="436"
                    WIDTH="1092"
                    HEIGHT="122">
            <Shape><Polygon POINTS="2016 446 1985 446 1954 446 1922 446 1891 446 1860 446 1829 446 1797 446 1766 443 1735 443 1704 443 1673 443 1641 443 1610 443 1579 443 1548 443 1517 439 1485 439 1454 439 1423 439 1392 439 1360 439 1329 439 1298 439 1267 439 1236 436 1204 436 1173 436 1142 436 1111 436 1083 436 1055 439 1048 436 1048 436 1017 436 986 436 955 452 958 518 958 549 2041 558 2047 511 2041 446 2016 446"/></Shape>
	    <String CONTENT="Et noz nuisans sen uont fuiant"
                    HPOS="955"
                    VPOS="436"
                    WIDTH="1092"
                    HEIGHT="122"
                    WC="0.9950220843156179"></String>
          </TextLine>

          
          
          <TextLine ID="eSc_line_066fb83e"
                    TAGREFS="LT7870"
                    BASELINE="961 611 2081 596" 
                    HPOS="958"
                    VPOS="539"
                    WIDTH="1123"
                    HEIGHT="128">
            <Shape><Polygon POINTS="2069 539 958 539 961 611 961 649 1083 667 1086 667 1170 652 1183 649 1192 652 1226 664 1229 664 1232 664 1463 652 1635 642 1666 652 1685 658 1688 658 1691 658 1748 652 1841 642 2078 652 2081 596 2078 571 2069 539"/></Shape>
	    <String CONTENT="Dieu les mette en male sepmaine"
                    HPOS="958"
                    VPOS="539"
                    WIDTH="1123"
                    HEIGHT="128"></String>
          </TextLine>

          
          
          <TextLine ID="eSc_line_9720abe7"
                    TAGREFS="LT7870"
                    BASELINE="961 786 1897 773" 
                    HPOS="958"
                    VPOS="699"
                    WIDTH="939"
                    HEIGHT="127">
            <Shape><Polygon POINTS="1863 720 1832 720 1801 717 1769 717 1738 717 1707 714 1676 714 1644 714 1613 711 1582 711 1551 711 1520 708 1488 708 1457 708 1426 705 1395 705 1364 705 1332 702 1301 702 1270 702 1239 702 1207 699 1192 699 1189 699 1186 699 1183 699 1183 702 1167 714 1030 702 1026 702 1023 702 958 717 961 786 961 826 1682 805 1698 805 1866 817 1869 817 1872 817 1875 817 1897 801 1897 773 1891 720 1863 720"/></Shape>
	    <String CONTENT="Nous ne fuismes pas apres"
                    HPOS="958"
                    VPOS="699"
                    WIDTH="939"
                    HEIGHT="127"
                    WC="0.9924393892288208"></String>
          </TextLine>

          
          
          <TextLine ID="eSc_line_a2d66209"
                    TAGREFS="LT7870"
                    BASELINE="955 873 1588 861" 
                    HPOS="952"
                    VPOS="801"
                    WIDTH="636"
                    HEIGHT="110">
            <Shape><Polygon POINTS="955 873 955 911 1426 911 1426 908 1588 886 1588 861 1579 801 952 801 955 873"/></Shape>
	    <String CONTENT="Trop longuement"
                    HPOS="952"
                    VPOS="801"
                    WIDTH="636"
                    HEIGHT="110"
                    WC="0.9999454220136007"></String>
          </TextLine>

          
          
          <TextLine ID="eSc_line_2a656af3"
                    TAGREFS="LT7870"
                    BASELINE="958 958 2094 951" 
                    HPOS="955"
                    VPOS="873"
                    WIDTH="1139"
                    HEIGHT="131">
            <Shape><Polygon POINTS="958 958 958 982 1158 1001 1161 1001 1251 986 1323 1004 1326 1004 1329 1004 1332 1004 1385 986 1520 1004 1523 1004 1660 982 1676 982 1685 982 1748 1001 1751 1001 1754 1001 2094 982 2094 951 2088 889 1529 873 1526 873 1426 889 1005 876 1001 876 998 876 955 892 958 958"/></Shape>
	    <String CONTENT="Car les bois estoient au plus pres"
                    HPOS="955"
                    VPOS="873"
                    WIDTH="1139"
                    HEIGHT="131"
                    WC="0.992115227615132"></String>
          </TextLine>

          
          
          <TextLine ID="eSc_line_69b7448e"
                    TAGREFS="LT7870"
                    BASELINE="961 1042 1485 1036" 
                    HPOS="958"
                    VPOS="976"
                    WIDTH="527"
                    HEIGHT="94">
            <Shape><Polygon POINTS="961 1042 961 1070 1482 1064 1485 1036 1476 976 958 979 961 1042"/></Shape>
	    <String CONTENT="Certainement"
                    HPOS="958"
                    VPOS="976"
                    WIDTH="527"
                    HEIGHT="94"
                    WC="0.9993323981761932"></String>
          </TextLine>

          
          
          <TextLine ID="eSc_line_9f96ef4e"
                    TAGREFS="LT7870"
                    BASELINE="952 1129 2091 1123" 
                    HPOS="948"
                    VPOS="1039"
                    WIDTH="1143"
                    HEIGHT="121">
            <Shape><Polygon POINTS="952 1129 952 1160 2088 1154 2091 1123 2085 1060 1520 1039 1517 1039 1392 1060 1373 1060 948 1060 952 1129"/></Shape>
	    <String CONTENT="Qui les transgloutit franchement"
                    HPOS="948"
                    VPOS="1039"
                    WIDTH="1143"
                    HEIGHT="121"
                    WC="0.9994276035577059"></String>
          </TextLine>

          
          
          <TextLine ID="eSc_line_2b1103af"
                    TAGREFS="LT7870"
                    BASELINE="958 1213 1910 1213" 
                    HPOS="958"
                    VPOS="1154"
                    WIDTH="952"
                    HEIGHT="106">
            <Shape><Polygon POINTS="958 1213 958 1241 1123 1260 1126 1260 1910 1248 1910 1213 1910 1154 958 1154 958 1213"/></Shape>
	    <String CONTENT="Et les deliura de noz mains"
                    HPOS="958"
                    VPOS="1154"
                    WIDTH="952"
                    HEIGHT="106"
                    WC="0.9926162450401871"></String>
          </TextLine>

          
          
          <TextLine ID="eSc_line_20ed6f97"
                    TAGREFS="LT7870"
                    BASELINE="955 1301 2122 1295" 
                    HPOS="952"
                    VPOS="1223"
                    WIDTH="1170"
                    HEIGHT="112">
            <Shape><Polygon POINTS="955 1301 955 1329 2116 1335 2122 1295 2113 1223 952 1232 955 1301"/></Shape>
	    <String CONTENT="Dont nous tournasmes uistement"
                    HPOS="952"
                    VPOS="1223"
                    WIDTH="1170"
                    HEIGHT="112"
                    WC="0.9997401634852091"></String>
          </TextLine>

          
          
          <TextLine ID="eSc_line_710023f2"
                    TAGREFS="LT7870"
                    BASELINE="952 1385 2085 1379" 
                    HPOS="948"
                    VPOS="1323"
                    WIDTH="1137"
                    HEIGHT="118">
            <Shape><Polygon POINTS="952 1385 952 1426 1348 1441 1351 1441 1354 1441 1389 1426 1410 1441 1414 1441 1417 1441 1420 1441 1776 1422 1794 1438 1797 1438 1801 1438 1804 1441 2057 1441 2057 1438 2060 1438 2063 1438 2085 1419 2085 1379 2078 1323 948 1323 952 1385"/></Shape>
	    <String CONTENT="Uers le cry des douloureux plains"
                    HPOS="948"
                    VPOS="1323"
                    WIDTH="1137"
                    HEIGHT="118"></String>
          </TextLine>

          
          
          <TextLine ID="eSc_line_5bd0d12c"
                    TAGREFS="LT7870"
                    BASELINE="948 1563 2172 1554" 
                    HPOS="948"
                    VPOS="1472"
                    WIDTH="1224"
                    HEIGHT="131">
            <Shape><Polygon POINTS="2163 1541 2138 1494 1776 1476 1772 1476 1769 1476 1766 1476 1751 1491 1735 1479 1735 1476 1732 1476 1729 1476 1726 1476 1723 1476 1644 1497 1598 1472 1595 1472 1591 1472 1510 1488 1398 1472 1395 1472 1392 1472 1389 1472 1345 1500 1342 1504 1236 1504 1232 1504 1198 1476 1195 1476 1192 1476 995 1476 992 1476 989 1476 986 1476 958 1491 948 1563 948 1603 2172 1597 2172 1554 2166 1541 2163 1541"/></Shape>
	    <String CONTENT="Quant nous uinsmes deuers la tour"
                    HPOS="948"
                    VPOS="1472"
                    WIDTH="1224"
                    HEIGHT="131"
                    WC="0.9983947150634996"></String>
          </TextLine>

          
          
          <TextLine ID="eSc_line_57a077d0"
                    
                    BASELINE="964 3770 1183 3770" 
                    HPOS="960"
                    VPOS="3562"
                    WIDTH="220"
                    HEIGHT="388">
            <Shape><Polygon POINTS="960 3908 1168 3950 1072 3950 1077 3950 1180 3941 1180 3768 1175 3562 960 3590 960 3768"/></Shape>
	    <String CONTENT="E"
                    HPOS="960"
                    VPOS="3562"
                    WIDTH="220"
                    HEIGHT="388"></String>
          </TextLine>

          
          
          <TextLine ID="eSc_line_f11e6f6e"
                    TAGREFS="LT7870"
                    BASELINE="1206 3651 2035 3651" 
                    HPOS="1192"
                    VPOS="3569"
                    WIDTH="843"
                    HEIGHT="107">
            <Shape><Polygon POINTS="1910 3569 1907 3569 1897 3579 1891 3579 1847 3569 1816 3569 1785 3569 1754 3569 1723 3569 1691 3569 1676 3569 1669 3576 1663 3579 1192 3569 1192 3651 1192 3676 2035 3676 2035 3651 2035 3582 1960 3569 1941 3569"/></Shape>
	    <String CONTENT="N celle tour de desconfort"
                    HPOS="1192"
                    VPOS="3569"
                    WIDTH="843"
                    HEIGHT="107"
                    WC="0.9926284574545347"></String>
          </TextLine>

          
          
          <TextLine ID="eSc_line_04205ab6"
                    TAGREFS="LT7870"
                    BASELINE="1205 3735 2188 3741" 
                    HPOS="1173"
                    VPOS="3654"
                    WIDTH="1015"
                    HEIGHT="112">
            <Shape><Polygon POINTS="1173 3760 2181 3766 2188 3741 2185 3679 1922 3660 1919 3660 1916 3660 1882 3669 1863 3676 1838 3669 1807 3660 1804 3660 1801 3660 1766 3666 1729 3676 1704 3666 1685 3657 1682 3657 1679 3657 1676 3657 1673 3657 1663 3663 1651 3672 1560 3663 1507 3657 1504 3657 1501 3657 1492 3660 1467 3676 1270 3676 1176 3654 1176 3735"/></Shape>
	    <String CONTENT="De tous lez daspre froit glacee"
                    HPOS="1173"
                    VPOS="3654"
                    WIDTH="1015"
                    HEIGHT="112"
                    WC="0.9886562805021962"></String>
          </TextLine>

          
          
          <TextLine ID="eSc_line_b7377917"
                    TAGREFS="LT7870"
                    BASELINE="1199 3815 2300 3828" 
                    HPOS="1183"
                    VPOS="3744"
                    WIDTH="1117"
                    HEIGHT="113">
            <Shape><Polygon POINTS="1183 3853 2294 3857 2300 3828 2297 3769 1186 3744 1186 3813"/></Shape>
	    <String CONTENT="Trouuasmes comme ademy mort"
                    HPOS="1183"
                    VPOS="3744"
                    WIDTH="1117"
                    HEIGHT="113"></String>
          </TextLine>

          
          
          <TextLine ID="eSc_line_a33a373c"
                    TAGREFS="LT7870"
                    BASELINE="1196 3902 2331 3913" 
                    HPOS="1176"
                    VPOS="3840"
                    WIDTH="1155"
                    HEIGHT="123">
            <Shape><Polygon POINTS="1185 3840 1183 3895 1176 3924 1551 3941 1560 3944 1595 3956 1598 3956 1601 3956 1660 3944 1679 3941 1744 3944 2003 3963 2007 3963 2328 3947 2331 3913 2328 3881 2319 3847"/></Shape>
	    <String CONTENT="Ung ieune homme a face esplouree"
                    HPOS="1176"
                    VPOS="3840"
                    WIDTH="1155"
                    HEIGHT="123"></String>
          </TextLine>

          
          
          <TextLine ID="eSc_line_9f04edc3"
                    TAGREFS="LT7870"
                    BASELINE="948 3988 1938 3997" 
                    HPOS="945"
                    VPOS="3928"
                    WIDTH="993"
                    HEIGHT="109">
            <Shape><Polygon POINTS="948 3988 945 4013 1367 4034 1370 4034 1604 4022 1685 4037 1688 4037 1935 4022 1938 3997 1935 3938 948 3928 948 3988"/></Shape>
	    <String CONTENT="Et sa chair murtrie et nauree"
                    HPOS="945"
                    VPOS="3928"
                    WIDTH="993"
                    HEIGHT="109"
                    WC="0.9992953682767933"></String>
          </TextLine>

          
          
          <TextLine ID="eSc_line_d07682ca"
                    TAGREFS="LT7870"
                    BASELINE="948 4081 2144 4081" 
                    HPOS="948"
                    VPOS="4022"
                    WIDTH="1196"
                    HEIGHT="115">
            <Shape><Polygon POINTS="948 4081 948 4109 1058 4131 1061 4131 1148 4116 1167 4112 1183 4116 1245 4134 1248 4134 1251 4134 1254 4134 1298 4119 1314 4112 1351 4119 1432 4134 1435 4134 1438 4134 1442 4134 1460 4122 1476 4112 1632 4112 1657 4125 1676 4134 1679 4134 1682 4134 1685 4134 1688 4134 1688 4131 1694 4125 1710 4112 1788 4128 1822 4134 1826 4137 2144 4137 2144 4081 2144 4022 948 4022 948 4081"/></Shape>
	    <String CONTENT="En tous sens par coups inhumains"
                    HPOS="948"
                    VPOS="4022"
                    WIDTH="1196"
                    HEIGHT="115"
                    WC="0.999676775187254"></String>
          </TextLine>

          
          
          <TextLine ID="eSc_line_9eb573a0"
                    TAGREFS="LT7870"
                    BASELINE="948 4162 1922 4169" 
                    HPOS="945"
                    VPOS="4106"
                    WIDTH="977"
                    HEIGHT="106">
            <Shape><Polygon POINTS="948 4162 945 4190 1495 4212 1498 4212 1919 4197 1922 4169 1922 4112 948 4106 948 4162"/></Shape>
	    <String CONTENT="En prison forte et bien fermee"
                    HPOS="945"
                    VPOS="4106"
                    WIDTH="977"
                    HEIGHT="106"
                    WC="0.9989534775416057"></String>
          </TextLine>

          
          
          <TextLine ID="eSc_line_b43aab69"
                    TAGREFS="LT7870"
                    BASELINE="948 4250 1975 4256" 
                    HPOS="945"
                    VPOS="4187"
                    WIDTH="1030"
                    HEIGHT="131">
            <Shape><Polygon POINTS="948 4190 948 4250 945 4290 1039 4293 1058 4312 1058 4315 1061 4315 1064 4315 1067 4318 1392 4318 1392 4315 1395 4315 1426 4300 1435 4297 1451 4300 1510 4318 1513 4318 1517 4318 1520 4318 1560 4303 1573 4300 1616 4303 1735 4318 1738 4318 1972 4309 1975 4256 1972 4197 952 4187 948 4190"/></Shape>
	    <String CONTENT="Enferre des piedz et des mains"
                    HPOS="945"
                    VPOS="4187"
                    WIDTH="1030"
                    HEIGHT="131"></String>
          </TextLine>

          
          
          <TextLine ID="eSc_line_288ae167"
                    TAGREFS="LT7870"
                    BASELINE="939 4428 1963 4428" 
                    HPOS="939"
                    VPOS="4328"
                    WIDTH="1024"
                    HEIGHT="153">
            <Shape><Polygon POINTS="1938 4350 1813 4353 1804 4350 1772 4328 1769 4328 1766 4328 1763 4328 1392 4343 1323 4328 1320 4328 1317 4328 1314 4328 1245 4350 1226 4337 1223 4337 1220 4337 1217 4337 1214 4337 1176 4353 1173 4356 939 4356 939 4428 939 4471 1314 4465 1382 4477 1410 4481 1414 4481 1417 4481 1420 4481 1423 4477 1445 4465 1607 4477 1641 4481 1644 4481 1660 4481 1738 4465 1835 4481 1841 4481 1844 4481 1847 4481 1851 4481 1851 4477 1866 4465 1960 4481 1963 4428 1960 4356 1938 4350"/></Shape>
	    <String CONTENT="On iugoit bien a son semblant"
                    HPOS="939"
                    VPOS="4328"
                    WIDTH="1024"
                    HEIGHT="153"
                    WC="0.9949865485059803"></String>
          </TextLine>

          
          
          <TextLine ID="eSc_line_7936e0e2"
                    TAGREFS="LT7870"
                    BASELINE="942 4518 1788 4512" 
                    HPOS="942"
                    VPOS="4440"
                    WIDTH="846"
                    HEIGHT="125">
            <Shape><Polygon POINTS="942 4490 942 4518 945 4565 983 4546 1279 4562 1282 4562 1286 4562 1395 4543 1429 4559 1432 4559 1435 4559 1438 4559 1442 4559 1467 4543 1782 4559 1788 4512 1782 4456 1438 4440 1435 4440 1360 4456 1354 4459 958 4459 942 4490"/></Shape>
	    <String CONTENT="Quil auoit eu dure prison"
                    HPOS="942"
                    VPOS="4440"
                    WIDTH="846"
                    HEIGHT="125"></String>
          </TextLine>

          
          
          <TextLine ID="eSc_line_9c1e99fc"
                    TAGREFS="LT7870"
                    BASELINE="948 4602 2197 4609" 
                    HPOS="945"
                    VPOS="4540"
                    WIDTH="1252"
                    HEIGHT="112">
            <Shape><Polygon POINTS="2166 4540 948 4540 948 4602 945 4634 2191 4652 2197 4609 2194 4549 2166 4540"/></Shape>
	    <String CONTENT="Son corps/ alloit tousiours tremblant"
                    HPOS="945"
                    VPOS="4540"
                    WIDTH="1252"
                    HEIGHT="112"></String>
          </TextLine>

          
          
          <TextLine ID="eSc_line_c8cbde34"
                    TAGREFS="LT7870"
                    BASELINE="942 4690 1932 4683" 
                    HPOS="939"
                    VPOS="4627"
                    WIDTH="993"
                    HEIGHT="113">
            <Shape><Polygon POINTS="942 4690 945 4740 989 4721 1925 4733 1932 4683 1925 4627 939 4627 942 4690"/></Shape>
	    <String CONTENT="Pour laspre froit de mesprison"
                    HPOS="939"
                    VPOS="4627"
                    WIDTH="993"
                    HEIGHT="113"></String>
          </TextLine>

          
          
          <TextLine ID="eSc_line_6ce461c2"
                    TAGREFS="LT7870"
                    BASELINE="942 4771 1988 4780" 
                    HPOS="939"
                    VPOS="4702"
                    WIDTH="1049"
                    HEIGHT="191">
            <Shape><Polygon POINTS="942 4771 939 4830 1223 4833 1229 4843 1267 4874 1267 4877 1270 4877 1273 4877 1345 4889 1348 4893 1435 4893 1435 4889 1438 4889 1442 4889 1479 4864 1648 4893 1651 4893 1804 4874 1916 4893 1919 4893 1922 4893 1985 4868 1988 4780 1985 4721 1638 4702 1635 4702 942 4708 942 4771"/></Shape>
	    <String CONTENT="Qui tous temps estoit de saison"
                    HPOS="939"
                    VPOS="4702"
                    WIDTH="1049"
                    HEIGHT="191"
                    WC="0.9922891797557953"></String>
          </TextLine>

          
        </TextBlock>
        
        <TextBlock HPOS="2524"
                   VPOS="407"
                   WIDTH="1531"
                   HEIGHT="4425"
                   ID="eSc_textblock_97db1a0e"
                   >
          <Shape><Polygon POINTS="2524 407 2524 4832 4055 4832 4055 407"/></Shape>
          
          
          <TextLine ID="eSc_line_a7164417"
                    TAGREFS="LT7870"
                    BASELINE="2522 511 3702 505" 
                    HPOS="2518"
                    VPOS="424"
                    WIDTH="1184"
                    HEIGHT="115">
            <Shape><Polygon POINTS="3673 446 3642 446 3611 446 3580 443 3549 443 3517 443 3486 439 3455 439 3424 439 3402 439 3392 439 3361 436 3330 436 3299 436 3268 433 3236 433 3218 433 3211 439 2881 424 2862 424 2831 424 2799 424 2784 439 2609 430 2581 433 2550 433 2518 458 2522 511 2522 539 3698 536 3702 505 3695 446 3673 446"/></Shape>
	    <String CONTENT="Tous ensemble nous descendismes"
                    HPOS="2518"
                    VPOS="424"
                    WIDTH="1184"
                    HEIGHT="115"></String>
          </TextLine>

          
          
          <TextLine ID="eSc_line_10054628"
                    TAGREFS="LT7870"
                    BASELINE="2528 599 3439 589" 
                    HPOS="2525"
                    VPOS="524"
                    WIDTH="914"
                    HEIGHT="112">
            <Shape><Polygon POINTS="2528 599 2528 636 3436 627 3439 589 3430 524 2597 536 2559 524 2556 524 2553 524 2550 524 2547 524 2525 536 2528 599"/></Shape>
	    <String CONTENT="Pour ueoir le piteux atour"
                    HPOS="2525"
                    VPOS="524"
                    WIDTH="914"
                    HEIGHT="112"
                    WC="0.9999951628538278"></String>
          </TextLine>

          
          
          <TextLine ID="eSc_line_beb8d526"
                    TAGREFS="LT7870"
                    BASELINE="2531 683 3814 683" 
                    HPOS="2531"
                    VPOS="617"
                    WIDTH="1283"
                    HEIGHT="119">
            <Shape><Polygon POINTS="3811 620 3808 617 2531 617 2531 683 2531 714 2671 733 2675 733 2678 733 2681 733 2681 730 2696 714 2700 714 2759 714 2765 714 2793 733 2796 733 2799 733 2803 733 2806 733 2871 714 2874 714 2899 736 2902 736 2906 736 2909 736 2912 736 2946 720 3102 736 3105 736 3265 714 3271 714 3311 736 3314 736 3318 736 3321 736 3324 736 3352 720 3695 736 3698 736 3814 711 3814 683 3811 620 3811 620"/></Shape>
	    <String CONTENT="Du lieu dont tresgrant froit sentismes"
                    HPOS="2531"
                    VPOS="617"
                    WIDTH="1283"
                    HEIGHT="119"
                    WC="0.9856283884299429"></String>
          </TextLine>

          
          
          <TextLine ID="eSc_line_33c65d78"
                    TAGREFS="LT7870"
                    BASELINE="2534 767 3417 767" 
                    HPOS="2534"
                    VPOS="711"
                    WIDTH="883"
                    HEIGHT="100">
            <Shape><Polygon POINTS="2534 767 2534 798 3414 811 3417 767 3417 711 2534 711 2534 767"/></Shape>
	    <String CONTENT="Et assez clerement oysmes"
                    HPOS="2534"
                    VPOS="711"
                    WIDTH="883"
                    HEIGHT="100"
                    WC="0.9987187671661377"></String>
          </TextLine>

          
          
          <TextLine ID="eSc_line_d93eda7a"
                    TAGREFS="LT7870"
                    BASELINE="2531 858 3695 851" 
                    HPOS="2528"
                    VPOS="783"
                    WIDTH="1167"
                    HEIGHT="121">
            <Shape><Polygon POINTS="2531 858 2531 889 2980 904 2984 904 2987 904 3030 889 3105 904 3108 904 3112 904 3149 886 3152 886 3174 901 3177 901 3180 901 3183 901 3186 901 3190 901 3215 886 3221 886 3302 901 3305 904 3655 904 3655 901 3658 901 3695 883 3695 851 3689 795 2559 783 2556 783 2553 783 2550 783 2528 792 2531 858"/></Shape>
	    <String CONTENT="Le cry dont le corps souuent pasme"
                    HPOS="2528"
                    VPOS="783"
                    WIDTH="1167"
                    HEIGHT="121"
                    WC="0.9972918454338523"></String>
          </TextLine>

          
          
          <TextLine ID="eSc_line_26547240"
                    TAGREFS="LT7870"
                    BASELINE="2543 942 3673 942" 
                    HPOS="2543"
                    VPOS="879"
                    WIDTH="1130"
                    HEIGHT="110">
            <Shape><Polygon POINTS="2543 942 2543 989 2628 973 2709 989 2712 989 2715 989 2778 973 3670 989 3673 942 3673 886 2543 879 2543 942"/></Shape>
	    <String CONTENT="Du quel tous dung accord dismes"
                    HPOS="2543"
                    VPOS="879"
                    WIDTH="1130"
                    HEIGHT="110"
                    WC="0.9828123296460798"></String>
          </TextLine>

          
          
          <TextLine ID="eSc_line_c733089f"
                    TAGREFS="LT7870"
                    BASELINE="2537 1032 3833 1032" 
                    HPOS="2537"
                    VPOS="973"
                    WIDTH="1296"
                    HEIGHT="106">
            <Shape><Polygon POINTS="3817 979 3811 973 2537 973 2537 1032 2537 1079 3833 1079 3833 1032 3829 1004 3817 979"/></Shape>
	    <String CONTENT="Que cestoit cry de homme ou de femme"
                    HPOS="2537"
                    VPOS="973"
                    WIDTH="1296"
                    HEIGHT="106"
                    WC="0.9999207970168855"></String>
          </TextLine>

          
          
          <TextLine ID="eSc_line_25155a2f"
                    TAGREFS="LT7870"
                    BASELINE="2662 1213 4014 1198" 
                    HPOS="2659"
                    VPOS="1120"
                    WIDTH="1355"
                    HEIGHT="121">
            <Shape><Polygon POINTS="4001 1145 3970 1145 3939 1142 3908 1139 3876 1135 3845 1135 3814 1132 3808 1129 3502 1142 3452 1126 3446 1123 3442 1123 3439 1123 3436 1123 3433 1123 3433 1126 3411 1148 3333 1148 3293 1126 3289 1126 3286 1126 3283 1126 3280 1126 3258 1145 3224 1126 3221 1126 3218 1126 3215 1126 3152 1145 3115 1126 3105 1120 3102 1120 3099 1120 3096 1120 3080 1126 3043 1139 3012 1126 3005 1123 3002 1123 2999 1123 2996 1123 2993 1123 2993 1126 2974 1142 2659 1126 2662 1213 2662 1241 4011 1226 4014 1198 4001 1142 4001 1145"/></Shape>
	    <String CONTENT="¶ Comment apres quilz ont chace dan¬"
                    HPOS="2659"
                    VPOS="1120"
                    WIDTH="1355"
                    HEIGHT="121"
                    WC="0.992254258857833"></String>
          </TextLine>

          
          
          <TextLine ID="eSc_line_cbe03a07"
                    TAGREFS="LT7870"
                    BASELINE="2662 1291 4014 1282" 
                    HPOS="2659"
                    VPOS="1229"
                    WIDTH="1355"
                    HEIGHT="112">
            <Shape><Polygon POINTS="2662 1291 2662 1338 2924 1326 2949 1335 2971 1341 2974 1341 2977 1341 3040 1332 3108 1323 3124 1332 3133 1338 3137 1338 3140 1338 3143 1338 3193 1329 3236 1323 3261 1329 3296 1338 3299 1338 3302 1338 3761 1323 3923 1335 3926 1335 4014 1313 4014 1282 4007 1229 2659 1229 2662 1291"/></Shape>
	    <String CONTENT="gier ilz trouuent au chasteau ung amou¬"
                    HPOS="2659"
                    VPOS="1229"
                    WIDTH="1355"
                    HEIGHT="112"
                    WC="0.9981366579349225"></String>
          </TextLine>

          
          
          <TextLine ID="eSc_line_47df4200"
                    TAGREFS="LT7870"
                    BASELINE="2659 1382 4004 1373" 
                    HPOS="2656"
                    VPOS="1310"
                    WIDTH="1348"
                    HEIGHT="131">
            <Shape><Polygon POINTS="2659 1382 2659 1422 3549 1441 3552 1441 3617 1432 3745 1416 3998 1435 4004 1373 3995 1310 2656 1323 2659 1382"/></Shape>
	    <String CONTENT="reux en prison enserre et enferme bien es¬"
                    HPOS="2656"
                    VPOS="1310"
                    WIDTH="1348"
                    HEIGHT="131"
                    WC="0.9973731977599007"></String>
          </TextLine>

          
          
          <TextLine ID="eSc_line_afb8f6bf"
                    TAGREFS="LT7870"
                    BASELINE="2653 1469 3087 1463" 
                    HPOS="2650"
                    VPOS="1404"
                    WIDTH="437"
                    HEIGHT="112">
            <Shape><Polygon POINTS="2653 1469 2653 1510 3083 1516 3087 1463 3077 1404 2650 1404 2653 1469"/></Shape>
	    <String CONTENT="troictement."
                    HPOS="2650"
                    VPOS="1404"
                    WIDTH="437"
                    HEIGHT="112"
                    WC="0.9999502499898275"></String>
          </TextLine>

          
          
          <TextLine ID="eSc_line_46541c80"
                    TAGREFS="LT7870"
                    BASELINE="2550 3647 3486 3638" 
                    HPOS="2547"
                    VPOS="3569"
                    WIDTH="939"
                    HEIGHT="107">
            <Shape><Polygon POINTS="3452 3579 3421 3579 3389 3579 3358 3579 3327 3579 3296 3579 3265 3576 3233 3576 3202 3576 3171 3576 3140 3576 3108 3576 3077 3576 3046 3576 3015 3573 2984 3573 2952 3573 2921 3573 2890 3573 2859 3573 2828 3573 2815 3569 2740 3579 2653 3569 2640 3569 2609 3569 2578 3569 2547 3585 2550 3647 2550 3676 3483 3666 3486 3638 3480 3579 3452 3579"/></Shape>
	    <String CONTENT="En ceste prison douloureuse"
                    HPOS="2547"
                    VPOS="3569"
                    WIDTH="939"
                    HEIGHT="107"
                    WC="0.98013260629442"></String>
          </TextLine>

          
          
          <TextLine ID="eSc_line_3cd1f694"
                    TAGREFS="LT7870"
                    BASELINE="2550 3735 3539 3725" 
                    HPOS="2547"
                    VPOS="3669"
                    WIDTH="992"
                    HEIGHT="106">
            <Shape><Polygon POINTS="2550 3735 2550 3775 3539 3760 3539 3725 3533 3669 2547 3669 2550 3735"/></Shape>
	    <String CONTENT="Pour certaine faulse achoison"
                    HPOS="2547"
                    VPOS="3669"
                    WIDTH="992"
                    HEIGHT="106"
                    WC="0.9982726142324251"></String>
          </TextLine>

          
          
          <TextLine ID="eSc_line_a0f8bc78"
                    TAGREFS="LT7870"
                    BASELINE="2550 3825 3520 3816" 
                    HPOS="2547"
                    VPOS="3738"
                    WIDTH="973"
                    HEIGHT="150">
            <Shape><Polygon POINTS="2550 3825 2550 3885 2715 3869 2799 3881 2859 3888 2862 3888 2865 3888 2893 3878 2931 3866 3052 3875 3190 3885 3193 3885 3258 3869 3289 3863 3299 3869 3314 3881 3318 3881 3321 3881 3324 3885 3446 3885 3446 3881 3520 3863 3520 3816 3517 3757 3464 3738 3461 3738 3458 3738 3455 3738 3417 3754 3308 3738 3193 3738 3190 3738 3186 3738 3183 3738 3165 3754 3162 3757 3155 3754 3121 3741 3118 3741 3115 3741 3112 3741 3080 3754 3071 3757 3062 3754 3021 3741 3018 3741 3015 3741 2952 3754 2937 3757 2927 3754 2902 3741 2899 3741 2896 3741 2893 3741 2890 3741 2871 3754 2859 3760 2547 3754 2550 3825"/></Shape>
	    <String CONTENT="Qui la rendoit ainsi frilleuse"
                    HPOS="2547"
                    VPOS="3738"
                    WIDTH="973"
                    HEIGHT="150"
                    WC="0.9915063818295796"></String>
          </TextLine>

          
          
          <TextLine ID="eSc_line_2aac58fd"
                    TAGREFS="LT7870"
                    BASELINE="2547 3997 3692 3991" 
                    HPOS="2543"
                    VPOS="3872"
                    WIDTH="1149"
                    HEIGHT="159">
            <Shape><Polygon POINTS="3667 3916 3655 3910 3574 3910 3527 3872 3524 3872 3520 3872 3517 3872 3514 3872 3474 3894 3433 3872 3430 3872 3299 3872 3296 3872 3293 3872 3243 3897 3162 3872 3158 3872 3155 3872 3021 3875 3018 3875 3015 3875 2959 3910 2731 3897 2728 3897 2543 3913 2547 3997 2547 4028 3686 4031 3692 3991 3683 3941 3667 3916"/></Shape>
	    <String CONTENT="Uous loyssies dung loing trembler"
                    HPOS="2543"
                    VPOS="3872"
                    WIDTH="1149"
                    HEIGHT="159"
                    WC="0.9928511001847007"></String>
          </TextLine>

          
          
          <TextLine ID="eSc_line_59913296"
                    TAGREFS="LT7870"
                    BASELINE="2547 4091 3717 4075" 
                    HPOS="2543"
                    VPOS="4013"
                    WIDTH="1174"
                    HEIGHT="121">
            <Shape><Polygon POINTS="2547 4091 2553 4134 2581 4119 2831 4128 2949 4131 2952 4131 2955 4131 2977 4125 3021 4112 3105 4122 3168 4128 3171 4128 3174 4128 3177 4128 3177 4125 3183 4119 3193 4112 3252 4119 3321 4125 3324 4125 3327 4125 3330 4125 3330 4122 3336 4116 3346 4109 3717 4109 3717 4075 3708 4013 2543 4022 2547 4091"/></Shape>
	    <String CONTENT="De froit et tout son corps mouuorir"
                    HPOS="2543"
                    VPOS="4013"
                    WIDTH="1174"
                    HEIGHT="121"
                    WC="0.9886979971613202"></String>
          </TextLine>

          
          
          <TextLine ID="eSc_line_eb129e0b"
                    TAGREFS="LT7870"
                    BASELINE="2547 4169 3542 4159" 
                    HPOS="2543"
                    VPOS="4097"
                    WIDTH="999"
                    HEIGHT="100">
            <Shape><Polygon POINTS="2547 4169 2547 4197 3542 4187 3542 4159 3536 4106 2575 4097 2572 4097 2568 4097 2565 4097 2543 4109 2547 4169"/></Shape>
	    <String CONTENT="Et dent contre dens marteller"
                    HPOS="2543"
                    VPOS="4097"
                    WIDTH="999"
                    HEIGHT="100"
                    WC="0.9832724086169539"></String>
          </TextLine>

          
          
          <TextLine ID="eSc_line_38c53b30"
                    TAGREFS="LT7870"
                    BASELINE="2543 4262 3502 4250" 
                    HPOS="2540"
                    VPOS="4172"
                    WIDTH="962"
                    HEIGHT="131">
            <Shape><Polygon POINTS="2543 4262 2543 4293 2709 4287 2740 4293 2774 4303 2778 4303 2781 4303 2834 4293 2890 4284 2931 4293 2955 4300 2959 4300 2962 4300 2993 4293 3055 4278 3093 4293 3102 4297 3105 4297 3108 4297 3146 4293 3299 4275 3499 4290 3502 4250 3496 4187 3274 4172 3271 4172 3268 4172 3265 4172 3265 4175 3249 4190 3246 4190 3240 4190 3149 4175 3146 4175 3143 4175 3105 4190 3015 4175 3012 4175 3009 4175 2943 4194 2940 4197 2874 4197 2818 4197 2803 4181 2803 4178 2799 4178 2796 4178 2793 4178 2696 4197 2693 4197 2565 4181 2562 4181 2559 4181 2556 4181 2540 4187 2543 4262"/></Shape>
	    <String CONTENT="Tant que cestoit pitie a ueoir"
                    HPOS="2540"
                    VPOS="4172"
                    WIDTH="962"
                    HEIGHT="131"></String>
          </TextLine>

          
          
          <TextLine ID="eSc_line_d19401c8"
                    TAGREFS="LT7870"
                    BASELINE="2540 4343 3417 4334" 
                    HPOS="2537"
                    VPOS="4272"
                    WIDTH="880"
                    HEIGHT="106">
            <Shape><Polygon POINTS="2540 4343 2540 4378 3414 4362 3417 4334 3411 4278 2537 4272 2540 4343"/></Shape>
	    <String CONTENT="A nous tous/ et a dire uoir"
                    HPOS="2537"
                    VPOS="4272"
                    WIDTH="880"
                    HEIGHT="106"
                    WC="0.9954702655474345"></String>
          </TextLine>

          
          
          <TextLine ID="eSc_line_171d8bc7"
                    TAGREFS="LT7870"
                    BASELINE="2543 4431 3533 4424" 
                    HPOS="2540"
                    VPOS="4359"
                    WIDTH="993"
                    HEIGHT="115">
            <Shape><Polygon POINTS="2543 4431 2543 4465 2868 4474 2871 4474 2874 4474 2918 4462 2931 4459 2949 4462 3030 4474 3034 4474 3355 4456 3377 4456 3383 4456 3480 4471 3483 4471 3486 4471 3533 4453 3533 4424 3527 4365 2540 4359 2543 4431"/></Shape>
	    <String CONTENT="Ce lieu estoit froit a oultraige"
                    HPOS="2540"
                    VPOS="4359"
                    WIDTH="993"
                    HEIGHT="115"
                    WC="0.9964099284261465"></String>
          </TextLine>

          
          
          <TextLine ID="eSc_line_ad34a680"
                    TAGREFS="LT7870"
                    BASELINE="2534 4518 3605 4509" 
                    HPOS="2531"
                    VPOS="4437"
                    WIDTH="1074"
                    HEIGHT="125">
            <Shape><Polygon POINTS="2534 4518 2534 4549 3102 4562 3105 4562 3168 4556 3302 4543 3355 4559 3358 4559 3361 4559 3364 4559 3368 4559 3371 4559 3386 4546 3402 4559 3405 4559 3408 4559 3411 4562 3605 4562 3605 4509 3599 4453 3261 4437 3258 4437 3255 4437 3252 4437 3230 4456 3227 4456 3196 4456 2946 4440 2943 4440 2940 4440 2884 4459 2877 4459 2843 4459 2578 4443 2575 4443 2572 4443 2531 4456 2534 4518"/></Shape>
	    <String CONTENT="plus que nul ne pourroit scauoir"
                    HPOS="2531"
                    VPOS="4437"
                    WIDTH="1074"
                    HEIGHT="125"></String>
          </TextLine>

          
          
          <TextLine ID="eSc_line_32b1265b"
                    TAGREFS="LT7870"
                    BASELINE="2547 4612 3492 4599" 
                    HPOS="2543"
                    VPOS="4521"
                    WIDTH="949"
                    HEIGHT="156">
            <Shape><Polygon POINTS="2547 4612 2550 4677 2600 4652 2852 4652 2874 4668 2884 4674 2887 4674 2890 4674 2893 4677 2968 4677 2968 4674 3024 4662 3043 4658 3052 4662 3077 4671 3080 4671 3083 4671 3087 4671 3090 4671 3105 4658 3121 4649 3133 4658 3146 4671 3149 4671 3152 4671 3155 4671 3280 4655 3433 4668 3436 4668 3439 4668 3492 4646 3492 4599 3486 4543 3252 4521 3249 4521 3012 4546 2865 4527 2862 4527 2859 4527 2856 4527 2834 4546 2784 4527 2781 4527 2778 4527 2774 4527 2771 4527 2771 4531 2746 4549 2575 4531 2572 4531 2568 4531 2565 4531 2543 4546 2547 4612"/></Shape>
	    <String CONTENT="Sil nestoit a merueille saige"
                    HPOS="2543"
                    VPOS="4521"
                    WIDTH="949"
                    HEIGHT="156"
                    WC="0.9831503321384562"></String>
          </TextLine>

          
          
          <TextLine ID="eSc_line_e00fff17"
                    TAGREFS="LT7870"
                    BASELINE="2550 4783 3627 4774" 
                    HPOS="2547"
                    VPOS="4662"
                    WIDTH="1080"
                    HEIGHT="181">
            <Shape><Polygon POINTS="3614 4705 3405 4705 3405 4702 3355 4683 3352 4683 3349 4683 3265 4702 3255 4705 3252 4702 3218 4674 3218 4671 3215 4671 3211 4671 3208 4671 3118 4680 3065 4662 3062 4662 3059 4662 2893 4677 2746 4665 2743 4665 2740 4665 2737 4665 2681 4702 2665 4708 2547 4702 2550 4783 2550 4843 3623 4843 3627 4774 3623 4749 3614 4705"/></Shape>
	    <String CONTENT="Nous regardasmes longuement"
                    HPOS="2547"
                    VPOS="4662"
                    WIDTH="1080"
                    HEIGHT="181"
                    WC="0.9917818837695651"></String>
          </TextLine>

          
        </TextBlock>
        

        
      </PrintSpace>
    </Page>
  </Layout>
</alto>
