4267 5462
221 388 904 115 Fay les trestous martirizer

218 476 464 97 Hastiuement

221 546 886 133 Et tu les uerras souspirer

218 646 522 121 Si tendrement

215 737 968 109 Que tu nauras aucunement

215 828 1001 103 Uoulente de cueur ne courage

215 910 965 100 De les destruire par torment

215 983 1129 136 Ne de leur faire quelque oultraige

209 1147 932 130 Tu les uerras piteusement

215 1250 1129 121 Soy entregetter leurs doulx yeulx

212 1347 910 97 Au gibet tel gouuernement

209 1420 1138 124 On leur deueroit ainsi meist dieux

209 1511 980 103 Casser les rains en tous lieux

212 1602 1074 103 Desrompre leur chair et leurs os

203 1687 1020 103 Affin quon en chastiast mieulx

203 1781 938 112 Les autres a certain propos

209 1942 980 112 Ilz trancheront des gracieux

203 2023 1111 113 Deuant leurs doulces gracieuses

197 2115 1004 115 Usant dung parler sauoureux

200 2209 1062 112 Pour sauourer les sauoureuses

200 2287 1080 119 Et querront uoyes amoureuses

194 2375 1004 107 Pour nous faire tous enrager

194 2454 1123 119 Pour les plaisances plantureuses

197 2551 1101 140 Dont ilz nous ueullent estranger

197 2712 986 125 On ne tendra compte de nous

200 2815 1065 98 Qui sommes en nostre uieillesse

194 2891 1132 119 Pour ceulx qui seront deuant tous

197 2998 862 94 Appellez de dame ieunesse

191 3073 998 101 Pour leur donner ioye et liesse

197 3155 959 119 Et nous faire mourir denuie

194 3249 792 110 Et crucifier par tristesse

188 3322 925 122 Le demourant de nostre uie

197 3486 1077 134 Quant est a moy ie men acquitte

188 3598 922 100 Uers toy enuie ma nourrice

194 3671 1007 119 De ceste faulse gent mauldicte

191 3759 919 115 Deceuable et plaine de uice

197 3850 868 109 Il appartient a mon office

185 3929 1013 121 De garder lonneur de ta court

188 4023 1107 122 Mais on men tient pour fol et nice

188 4117 977 122 Selon le temps qui ores court

191 4263 962 143 Commetz moy a faire iustice

194 4363 843 109 Et tu uerras que ie feray

200 4451 959 118 Ie leur mettray si forte espice

194 4542 956 115 En leur brouet/ que ie uerray

194 4624 925 176 Si deulx uenger ie moseray

1787 379 938 103 Qui parlent ainsi fierement

1790 476 932 91 A moy par dieu ie leur seray

1784 546 929 133 Comparer assez chierement

1987 703 844 143 ¶ Ialousie oultrageuse

1780 887 241 392 E

2027 876 910 131 Nuie tu oys assez comment

2024 995 1032 103 Faulsement et mauluaisement

2021 1077 1007 115 Ces gens cy se sont gouuernez

1781 1244 859 112 Ont quis ton deshonneur

2021 1142 939 123 Enuers toy ⁊ desloyaument

1778 1326 1138 121 Dont toy et nous sommes chargez

1778 1423 944 103 Et serons par dieu regardez

1778 1508 904 106 Et de tout le monde lardez

1781 1587 1017 109 Se tu ne te uenges deulx tous

1775 1665 1095 125 Puis quilz te sont par nous liurez

1778 1756 1117 125 Et trestous malfaicteurs prouuez

1769 1851 1105 127 Par la plus grant bende de nous

1772 2002 883 131 Et ie tendiray plus auant

1772 2115 947 94 Car ie cuide trestout scauoir

1772 2212 956 100 Et parleray comme scauant

1769 2291 783 103 Et en feray leal deuoir

1769 2369 1101 107 Ces gens icy font tout pour uoir

1763 2463 1032 110 Leur uoulente de doulx acueil

1766 2551 1098 113 Comme on pourroit apparceuoir

1757 2633 1186 137 Plus clerement cent fois que a lueil

1760 2770 892 146 Langue uolaige le dit bien

1769 2882 980 128 Et aussi fait parler soubdain

1769 2979 956 113 Et trahison qui nen scet rien

1763 3058 1044 134 Secretement langue sans frain

1757 3146 965 106 Ledit semblablement a plain

1760 3243 980 97 Tant que a moy ie crois ainsi

1757 3334 1062 113 Uenge toy huy ains que demain

1760 3416 1080 134 Sans iamais les mettre a mercy

1975 3565 383 152 ¶ Lacteur

1776 3732 264 410 Q

2036 3738 1099 133 Uant les prisonniers entendirent

2035 3846 1020 113 Quon chargoit ainsi bel acueil

2036 3947 1126 97 Franchement tous les dementirẽt

1766 4111 938 112 Quelle en estoit a ueue dueil

2031 4014 1079 137 Dont enuie eut si tresgrant dueil

1763 4205 901 100 Oultrageusement forcenee

1769 4290 868 106 Et bien y parut au recueil

1763 4366 944 118 Quelle leur fist en la iournee

1760 4460 1162 112 Lung des prisonniers ieune et gent

1766 4539 1016 115 Plaisant de gracieux langaige

1766 4636 962 155 Parla pour lamoureuse gent
